@article{AidaSasaki,
  title={Wong-{Z}akai approximation of solutions to reflecting stochastic differential equations on domains in {E}uclidean spaces},
  author={Aida, Shigeki and Sasaki, Kosuke},
  journal={Stochastic Processes and Their Applications},
  year={2013},
  volume = 123,
pages = {3800-3827}
}

@article{Airault_1974,
  title={Relative densities of semimartingales},
  author={Airault, H{\'e}lene and F{\"o}llmer, Hans},
  journal={Inventiones Mathematicae},
  volume={27},
  pages={299--327},
  year={1974}
}

@ARTICLE{Albanese_BS_hyper,
  title={Black-{S}choles goes hypergeometric},
  author={Claudio Albanese and Giuseppe Campolieti and Peter Carr and Alexander Lipton},
  journal={Risk Magazine},
  year=2001,
  volume = 14,
  number = 12,
  pages = {99-103}
}

@UNPUBLISHED{Albanese_extensions,
  title = {Extensions of the {B}lack-{S}choles formula},
  author = {Claudio Albanese and Giuseppe Campolieti},
  year=2001
}

@ARTICLE{Andersen,
  title={{Option pricing with quadratic volatility: a revisit}},
  author={Andersen, Leif},
  journal={Finance and Stochastics},
  year=2011,
  volume = 15,
  number = 2,
  pages = {191-219}
}

@ARTICLE{AS_couverture,
  author = {Jean-Pascal Ansel and Christophe Stricker},
  title = {Couverture des actifs contingents},
  journal = {Annales de l'Institut Henri Poincar\'{e}},
  volume = {30},
  number={2},
  pages={303-315},
  year = {1993}
}

@article{AssingSenf,
  title={On stochastic differential equations without drift},
  author={Assing, S. and Senf, T.},
  journal={Stochastics and Stochastic Reports},
  volume={36},
  pages={21--39},
  year={1991}
}

@Article{Avellaneda_1995,
  author={M. Avellaneda and A. Levy and A. Par{\'a}s},
  title={Pricing and hedging derivative securities in markets with uncertain volatilities},
  journal={Applied Mathematical Finance},
  year=1995,
  volume={2},
  number={2},
  pages={73-88}
}

@unpublished{Andreasen_2001,
	Author = {Andreasen, Jesper},
	Title = {Credit explosives},
	note = {Preprint, http://ssrn.com/abstract=262682},
	Year = {2001}
}

@article{Ascherl1977,
	author = "Ascherl, Albert and Lehn, J{\"u}rgen",
	journal = "Manuscripta Mathematica",
	pages = "43--50",
	title = "{Two principles for extending probability measures}",
	volume = "21",
	year = "1977"
}

@article{AvellanedaLipkin2009,
  title={A dynamic model for hard-to-borrow stocks},
  author={Avellaneda, Marco and Lipkin, Mike},
  journal={Risk},
  pages={92--97},
  year={2009}
}

@Article{Banner_Fernholz,
  author={Adrian Banner and Daniel Fernholz},
  title={Short-term relative arbitrage in volatility-stabilized markets},
  journal={Annals of Finance},
  year=2008,
  volume={4},
  number={4},
  pages={445-454}
}

@article{Bardina2007,
  title={On {I}t{\^o}'s formula for elliptic diffusion processes},
  author={Bardina, Xavier and Rovira, Carles},
  journal={Bernoulli},
  volume={13},
  number={3},
  pages={820--830},
  year={2007}
}

@article{BarlowPerkins,
  title={One-dimensional stochastic differential equations involving a singular increasing process},
  author={Barlow, MT and Perkins, E},
  journal={Stochastics},
  volume={12},
  number={3-4},
  pages={229--249},
  year={1984}
}

@article{Barndorff_1978,
  title={First hitting time models for the generalized inverse {G}aussian distribution},
  author={Barndorff-Nielsen, O. and Blaesild, P. and Halgreen, C.},
  journal={Stochastic Processes and Their Applications},
  volume={7},
  number={1},
  pages={49--54},
  year={1978}
}

@article{BassChen,
  title={One-dimensional stochastic differential equations with singular and degenerate coefficients},
  author={Bass, Richard F and Chen, Zhen-Qing},
  journal={Sankhy{\=a}: The Indian Journal of Statistics},
  pages={19--45},
volume=67,
number=1,
  year={2005}
}

@article{BassHamblyLyons,
  title={Extending the {W}ong-{Z}akai theorem to reversible {M}arkov processes},
  author={Bass, Richard F and Hambly, B M and Lyons, Terry J},
  journal={Journal of the European Mathematical Society},
  volume={4},
  number={3},
  pages={237--269},
  year={2002}
}

@article{Baudoin_2002,
author="Baudoin, Fabrice",
title="{Conditioned stochastic differential equations: theory, examples and application to finance}",
journal="Stochastic Processes and Their Applications",
volume="100",
pages="109-145",
year="2002"
}

@Article{BKX,
    title = {Strict Local Martingale Deflators and Pricing {A}merican Call-Type Options},
    author = {Bayraktar, Erhan and Kardaras, Constantinos and Xing, Hao},
  journal={Finance and Stochastics},
  year={2012},
  volume = 16,
  number = 2,
  pages = {275-291}
}

@inproceedings{BX_2010,
  title={On the uniqueness of classical solutions of {C}auchy problems},
    author = {Bayraktar, Erhan and Xing, Hao},
  booktitle={Proceedings of the  American Mathematical Society},
  volume={138},
  pages={2061--2064},
  year={2010}
}

@UNPUBLISHED{BHS,
  title = {Outperforming the Market Portfolio with a Given Probability},
  author = {Bayraktar, Erhan and Yu-Jui Huang and Qingshuo Song},
  year=2010
}

@article{BenAri,
  title={Absolute continuity/singularity and relative entropy properties for probability measures induced by diffusions on infinite time intervals},
  author={Ben-Ari, Iddo and Pinsky, Ross G},
  journal={Stochastic Processes and Their Applications},
  volume={115},
  pages={179--206},
  year={2005}
}

@article{Benes_1971,
author="Bene\v{s}, V.E.",
title="{Existence of optimal stochastic control laws}",
journal="SIAM Journal on Control and Optimization",
volume="9",
pages="446-472",
year="1971"
}

@article{Benes1977,
  title={Nonexistence of strong nonanticipating solutions to stochastic {DEs}: implications for functional {DEs}, filtering, and control},
author="Bene\v{s}, V.E.",
  journal={Stochastic Processes and Their Applications},
  volume={5},
  number={3},
  pages={243--263},
  year={1977}
}

@article{Benes1978,
  title={Realizing a weak solution on a probability space},
author="Bene\v{s}, V.E.",
  journal={Stochastic Processes and Their Applications},
  volume={7},
  number={2},
  pages={205--225},
  year={1978}
}


@UNPUBLISHED{Bentata,
  author = {Amel Bentata and Rama Cont},
  title = {Mimicking the marginal distributions of a semimartingale},
  year = {2009}
}


@UNPUBLISHED{Berrier,
  title = {A characterization of forward utility functions},
  author = {F.P.Y.S. Berrier and L.C.G. Rogers and M.R. Tehranchi},
  year=2009
}

@Article{Bertoin1986,
  author={Bertoin, J.},
  title = {Les processus de {D}irichlet et tant qu'espace de {B}anach},
  journal={Stochastics},
  year=1986,
  volume={18},
  number={2},
  pages={155--168}
}

@INCOLLECTION{Bertoin1987,  
  title={Temps locaux et int{\'e}gration stochastique pour les processus de {D}irichlet},
  author={Bertoin, J.},
  BOOKTITLE={S{\'e}minaire de Probabilit{\'e}s, XXI},
  pages={191--205},
  year={1987}
}

@Book{Bjoerk,
  author = {Thomas Bj\"ork},
  title = {Arbitrage Theory in Continuous Time},
  edition = {3rd},
  publisher = {Oxford University Press},
  year = {2009}
}

@Article{BS_1973,
  author = {Fischer Black and Myron Scholes},
  title = {The Pricing of Options and Corporate Liabilities},
  journal={Journal of Political Economy},
  year=1973,
  volume={81},
  number={3},
  pages={637-654}
}

@article{Blanchet2013,
  title={Optimal sampling of overflow paths in {J}ackson networks},
  author={Blanchet, Jose},
  journal={Mathematics of Operations Research},
  volume={38},
  number={4},
  pages={698--719},
  year={2013}
}

@article{Blei_Engelbert_2009,
author={Blei, Stefan and Engelbert, Hans-J\"urgen},
title={On exponential local martingales associated with strong {M}arkov
    continuous local martingales},
journal={Stochastic Processes and Their Applications},
volume="119",
number="9",
pages={2859-2880},
year="2009"
}

@unpublished{BleiEngelbert2012,
title = "A Note on One-dimensional Stochastic Differential Equations with Generalized Drift",
year = "2012",
author = "Stefan Blei and Hans-Jürgen Engelbert",
}

@article{BleiEngelbert2013,
title = "One-dimensional stochastic differential equations with generalized and singular drift ",
journal = "Stochastic Processes And Their Applications ",
volume = "123",
number = "12",
pages = "4337 - 4372",
year = "2013",
author = "Stefan Blei and Hans-Jürgen Engelbert",
}

@article{Bichteler_1981,
  title={Stochastic integration and {$ L^p $}--theory of semimartingales},
  author={Bichteler, Klaus},
  journal={Annals of Probability},
  volume={9},
  number={1},
  pages={49--89},
  year={1981}
}

@article{Bierlein1962,
  title={{\"U}ber die {F}ortsetzung von {W}ahrscheinlichkeitsfeldern},
  author={Bierlein, Dietrich},
  journal={Zeitschrift f{\"u}r Wahrscheinlichkeitstheorie und Verwandte Gebiete},
  volume={1},
  pages={28--46},
  year={1962},
}

@book{Billingsley1999weak,
  author = {Billingsley, Patrick},
  edition = {2nd},
  publisher = {John Wiley \& Sons Inc.},
  title = {Convergence of Probability Measures},
  year = 1999
}

@book{Billingsley1971weak,
  title={Weak Convergence of Measures: Applications in Probability},
  author = {Billingsley, Patrick},
  year={1971},
  publisher={Society for Industrial and Applied Mathematics}
}

@book{Borodin_handbook,
    author = {A. Borodin and P. Salminen},
    publisher = {Birkh\"auser},
    title = {Handbook of Brownian Motion - Facts and Formulae},
    year = {2002},
    edition = {2nd},
    address = {Boston}
}

@article{bouleau1981variation,
  title={Sur la variation quadratique des temps locaux de certaines semimartingales},
  author={Bouleau, N. and Yor, M.},
  journal={CR Acad, Sci. Paris, Ser. I Math},
  volume={292},
  pages={491--494},
  year={1981}
}

@Article{Bluman_transformation,
  author = {Bluman, G.},
  title = {On the transformation of diffusion processes into the {W}iener process},
  journal={{SIAM} Journal on Applied Mathematics},
  year=1980,
  volume={39},
  number={2},
  pages={238-247}
}

@Article{Bluman_mapping,
  author = {Bluman, G.},
  title = {On mapping linear partial differential equations to constant coefficient equations},
  journal={{SIAM} Journal on Applied Mathematics},
  year=1983,
  volume={43},
  number={6},
  pages={1259-1273}
}

@Article{BMS,
  author = {Tilman B\"orgers and Antonio J. Morales and Rajiv Sarin},
  title = {Expedient and monotone learning rules},
  journal={Econometrica},
  year=2004,
  volume={72},
  number={2},
  pages={383-405}
}

@article{Bouleau1981,
  title={Sur la variation quadratique des temps locaux de certaines semimartingales},
  author={Bouleau, N. and Yor, M.},
  journal={Comptes Rendus de l'Acad{\`e}mie des Sciences - Series I - Mathematics},
  volume={292},
  pages={491--494},
  year={1981}
}


@ARTICLE{Bowie_Carr,
  author = {Bowie, J. and Carr, P.},
  title = {Static simplicity},
  journal = {Risk Magazine},
  volume = {7},
  number={8},
  pages={45-50},
  year = {1994}
}

@book{Bremaud_1981,
author="Br\'emaud, Pierre",
title="{Point Processes and Queues. Martingale Dynamics.}",
publisher="{Springer}",
year="1981"
}


@article{Brondsted_1972,
author="Br{\o}ndsted, Arne",
title="{On the subdifferential of the supremum of two convex functions}",
journal="Math. Scand. ",
volume="31",
pages="225-230",
year="1972"
}


@UNPUBLISHED{BS,
  title = {Diffusion matching of statistics of an {I}t{\^o} process},
  author = {T. Brunick and S. Shreve},
  year = {2010}
}

@INCOLLECTION{Cagan_1956,
  author = {Cagan, Phillip},
  title = {The monetary dynamics of hyperinflation},
  booktitle = {Studies in the Quantity Theory of Money},
  publisher = {University of Chicago Press},
  editor = {M. Friedman},
  year = {1956}
}

@INCOLLECTION{Cagan_1987,
  author = {Cagan, Phillip},
  title = {Hyperinflation},
  booktitle = {The New Palgrave: A Dictionary of Economics},
  publisher = {MacMilla},
  editor = {John Eatwell and Murray Milgate and Peter Newman},
  year = {1987}
}

@Article{Carr_Ellis_Gupta,
  author={Peter Carr and K. Ellis and V. Gupta},
  title={Static Hedging of Exotic Options},
  journal={Journal of Finance},
  year=1998,
  volume={53},
  number={3},
  pages={1165-1190}
}

@article {Carr_Madan_2001,
    AUTHOR = {Carr, Peter and Madan, Dilip},
     TITLE = {Optimal positioning in derivative securities},
   JOURNAL = {Quantitative Finance},
    VOLUME = {1},
      YEAR = {2001},
    NUMBER = {1},
     PAGES = {19-37}
}

@UNPUBLISHED{CLM_reduction,
  title = {The reduction method for valuing derivative securities},
  author = {P. Carr and A. Lipton and D. Madan},
  year = {2002}
}

@Article{Carr_Lee_2009,
  author={Peter Carr and Roger Lee},
  title={Put-call symmetry: extensions and applications},
  journal={Mathematical Finance},
  year=2009,
  volume={19},
  number={4},
  pages={523-560}
}

@article{CarrYu2012,
  author={Carr, P. and Yu, J.},
  title={Risk, return and {R}oss recovery},
  journal={Journal of Derivatives},
  year={2012},
  volume={20},
  pages={38-59},
}

@UNPUBLISHED{Catellier2012,
  title={On the regularization of {ODEs} via irregular perturbations},
  author={Catellier, R and Gubinelli, M},
  note={Preprint, arXiv:1205.1735},
  year={2012}
}

@article{CFY,
author={Cheridito, Patrick and Filipovi\'c, Damir and Yor, Marc},
title={Equivalent and absolutely continuous measure changes for jump-diffusion
    processes},
journal={Annals of  Applied Probality},
volume={15},
number=3,
pages={1713-1732},
year={2005}
}

@article{Cherny2002,
  title={On the uniqueness in law and the pathwise uniqueness for stochastic differential equations},
  author={Cherny, Aleksander Semenovich},
  journal={Theory of Probability and its Applications},
  volume={46},
  number={3},
  pages={406--419},
  year={2002}
}

@book{Cherny_Engelbert,
author={Cherny, Alexander S. and Engelbert, Hans-J\"urgen},
title={Singular Stochastic Differential Equations},
publisher={Springer},
address = {New York},
year={2005}
}


@INCOLLECTION{ChernyShiryaev,
  author = {A.S. Cherny and A.N. Shiryaev},
  title = {On criteria for the uniform integrability of {B}rownian stochastic exponentials},
  booktitle = {Optimal Control and Partial Differential Equations},
  publisher = {IOS Press},
  editor = {Alain Bensoussan},
  volume = {in honour of professor Alain Bensoussan's 60th birthday},
  pages = {80-92},
  year = {2001}
}

@UNPUBLISHED{Chibane,
  author={Messaoud Chibane},
  title={Analytical Option Pricing for Time Dependent Quadratic Local Volatility Models},
  year=2011
}

@article{Cinlar1980,
  title={Semimartingales and {M}arkov processes},
  author={{\c{C}}inlar, E and Jacod, J and Protter, Ph and Sharpe, MJ},
  journal={Zeitschrift f{\"u}r Wahrscheinlichkeitstheorie und Verwandte Gebiete},
  volume={54},
  number={2},
  pages={161--219},
  year={1980}
}

@Article{Cover_1991,
  author={Cover, T},
  title={Universal portfolios},
  journal={Mathematical Finance},
  year=1991,
  volume={1},
  number={1},
  pages={1-29}
}

@article{Coviello2007,
  title={Nonsemimartingales: stochastic differential equations and weak {D}irichlet processes},
  author={Coviello, Rosanna and Russo, Francesco},
  journal={Annals of Probability},
  volume={35},
  number={1},
  pages={255--308},
  year={2007}
}


@Article{CH,
  author={Alexander Cox and David Hobson},
  title={Local martingales, bubbles and option prices},
  journal={Finance and Stochastics},
  year=2005,
  volume={9},
  number={4},
  pages={477-492}
}

@book{CoddingtonLevinson,
  title={Theory of Ordinary Differential Equations},
  author={Coddington, Earl Alexander and Levinson, Norman},
  year={1955},
  publisher={McGraw-Hill},
  address = {New York}
}


@phdthesis{Cui_dissertation,
    author = {Zhenyu Cui},
    title = {Martingale {P}roperty and {P}ricing for {T}ime-{H}omogeneous {D}iffusion {M}odels in {F}inance},
    school = {University of Waterloo},
    address = {Waterloo, Canada},
    year = {2013}
}

@ARTICLE{CK_hedging,
  author = {J. Cvitani\'c and Ioannis Karatzas},
  title = {Hedging contingent claims with constrained portfolios},
  journal = {Annals of Applied Probability},
  volume = {3},
  number={3},
  pages={652-681},
  year = {1993}
}

@article{CSW2001,
  title={Utility maximization in incomplete markets with random endowment},
  author={Cvitani{\'c}, Jak{\v{s}}a and Schachermayer, Walter and Wang, Hui},
  journal={Finance and Stochastics},
  volume={5},
  number={2},
  pages={259--272},
  year={2001}
}

@article{DaPelo2013,
  title={An {I}t{\^o} formula for a family of stochastic integrals and related {W}ong--{Z}akai theorems},
  author={Da Pelo, Paolo and Lanconelli, Alberto and Stan, Aurel I},
  journal={Stochastic Processes and Their Applications},
  year={2013},
  volume = 123,
  pages={3183-2300}
}

@article{Davie,
  title={Uniqueness of solutions of stochastic differential equations},
  author={Davie, A.M.},
  journal={International Mathematics Research Notes},
  volume={2007},
  year = {2007}
}

@ARTICLE{DS_Bessel,
  author = {Freddy Delbaen and Walter Schachermayer},
  title = {Arbitrage possibilities in {Bessel} processes and their relations to local martingales},
  journal = {Probability Theory and Related Fields},
  volume = {102},
  number={3},
  pages={357-366},
  year = {1995}
}

@ARTICLE{DS_existence,
  author = {Freddy Delbaen and Walter Schachermayer},
  title = {The existence of absolutely continuous local martingale measures},
  journal = {Annals of Applied Probability},
  volume = {5},
  number={4},
  pages={926-945},
  year = {1995}
}

@ARTICLE{DS_fundamental,
  author = {Freddy Delbaen and Walter Schachermayer},
  title = {A general version of the {F}undamental {T}heorem of {A}sset {P}ricing},
  journal = {Mathematische Annalen},
  volume = {300},
  number={3},
  pages={463-520},
  year = {1994}
}

@ARTICLE{DS_numeraire,
    author = {Freddy Delbaen and Walter Schachermayer},
    title = {The No-Arbitrage Property under a Change of Num\'eraire},
    journal = {Stochastics and Stochastic Reports},
    year = {1995},
    volume = {53},
    pages = {213-226}
}

@ARTICLE{DS_counter,
    author = {Freddy Delbaen and Walter Schachermayer},
    title = {A simple counterexample to several problems in the theory of asset pricing},
    journal = {Mathematical Finance},
    year = {1998},
    volume = {8},
    number = {1},
    pages = {1-11}
}

@ARTICLE{DS_1998,
  author = {Freddy Delbaen and Walter Schachermayer},
  title = {The {F}undamental {T}heorem of {A}sset {P}ricing for unbounded stochastic processes},
  journal = {Mathematische Annalen},
  volume = {312},
  number={2},
  pages={215-250},
  year = {1998}
}

@Book{DS_mono,
  author = {Freddy Delbaen and Walter Schachermayer},
  title = {The Mathematics of Arbitrage},
  publisher = {Springer},
  year = {2006}
}

@Article{DShir,
  author = {Freddy Delbaen and Hiroshi Shirakawa},
  title = {No arbitrage condition for positive diffusion price processes},
    journal = {Asia-Pacific Financial Markets},
    year = {2002},
    volume = {9},
    pages = {159-168}
}

@incollection{Dellacherie1969,
	address = "Berlin",
	author = "Dellacherie, C.",
	booktitle = {S{\'e}minaire de {P}robabilit{\'e}s, III (Lecture Notes in Mathematics, Volume 88)},
	pages = "97--114",
	publisher = "Springer",
	title = "{Ensembles al{\'e}atoires. {I}}",
	editor = {A. Dold and B. Eckmann},
	year = "1969"
}

@article{Doleans_1968,
  title={Existence du processus croissant naturel associ{\'e} {\`a} un potentiel de la classe ({D})},
  author={Dol{\'e}ans, Catherine},
  journal={Probability Theory and Related Fields},
  volume={9},
  number={4},
  pages={309--314},
  year={1968}
}


@article{Doleans_1976,
  title={On the existence and unicity of solutions of stochastic integral equations},
  author={Dol{\'e}ans-Dade, C.},
  journal={Zeitschrift f{\"u}r Wahrscheinlichkeitstheorie und Verwandte Gebiete},
  volume={36},
  number={2},
  pages={93--101},
  year={1976}
}

@article{Doob_1957,
author="Doob, Joseph L.",
title="{Conditional {B}rownian motion and the boundary limits of harmonic
    functions}",
journal="Bulletin de la Soci\'et\'e Math\'ematique de France",
volume="85",
pages="431-458",
year="1957"
}


@article{Doss1977,
  title={Liens entre {\'e}quations diff{\'e}rentielles stochastiques et ordinaires},
  author={Doss, Halim},
  journal={Annales de l'Institut Henri Poincar{\'e} (B) Probabilit{\'e}s et Statistiques},
  volume={13},
  number={2},
  pages={99--125},
  year={1977}
}


@Article{Duffie_1988,
  author = {Darrell Duffie},
  title = {An extension of the {B}lack-{S}choles model of security valuation},
  journal = {Journal of Economic Theory},
  year = {1988},
  volume = {46},
  pages = {194-204}
}

@book{DunfordSchwartz_I,
  title={Linear Operators. Part 1. General Theory},
  author={Dunford, Nelson and Schwartz, Jacob T},
  year={1958},
  publisher={Interscience Publishers},
	address = {New York}
}

@article{Dupoiron,
  title={Formule d'{I}t{\^o} pour des diffusions uniform{\'e}ment elliptiques, et processus de {D}irichlet},
  author={Dupoiron, K and Mathieu, P and San Martin, J},
  journal={Potential Analysis},
  volume={21},
  pages={7--33},
  year={2004}
}

@article{Durrett1977,
  title={Weak convergence to {B}rownian meander and {B}rownian excursion},
  author={Durrett, Richard T and Iglehart, Donald L and Miller, Douglas R},
  journal={Annals of Probability},
  pages={117--129},
  year={1977}
}

@book{Dynkin_1965,
        title = {Markov Processes: Volumes 1 and 2},
        author = {E.B. Dynkin},
        publisher = {Springer},
        address = {Berlin},
        year = {1965}
}

@INCOLLECTION{Elworthy_Li_Yor_97,
  author = {K. D. Elworthy and Xu-Mei Li and Marc Yor},
  title = {On the tails of the supremum and the quadratic varation of strictly local martingales},
  BOOKTITLE = {S\'{e}minaire de Probabilit\'{e}s, XXXI},
  PAGES = {113-125},
  PUBLISHER = {Springer},
  YEAR = {1997}
}

@article{Elworthy_Li_Yor_99,
  author = {K. D. Elworthy and Xu-Mei Li and Marc Yor},
  title = {The importance of strictly local martingales; applications to radial {O}rnstein-{U}hlenbeck processes},
  journal = {Probability Theory and Related Fields},
  PAGES = {325-355},
  volume = {115},
  YEAR = {1999}
}

@book{Elworthy2010,
  title={The Geometry of Filtering},
  author={Elworthy, K David and Le Jan, Yves and Li, Xue-Mei},
  year={2010},
  publisher={Birkh\"auser}
}

@ARTICLE{ET,
  author = {E. Ekstr\"om and  J. Tysk},
  title = {Bubbles, convexity and the {Black}-{Scholes} equation},
  journal = {Annals of Applied Probability},
  volume = {19},
  number = {4},
  year = {2009},
  pages = {1369-1384}
}

@UNPUBLISHED{EST,
  author = {E. Ekstr\"om and Per L\"otstedt and L. Von Sydow  and J. Tysk},
  title = {Numerical option pricing in the presence of bubbles},
  year = {2009}
}

@ARTICLE{Emanuel_1982,
  author = {David C. Emanuel, and James D. Macbeth},
  title = {Further results on the constant elasticity of variance call option pricing model},
  journal = {Journal of Financial and Quantitative Analysis},
  volume = {17},
  number = {4},
  year = {1982},
  pages = {533-554}
}

@article{Engelbert1991,
  title={On the theorem of {T}. {Y}amada and {S}. {W}atanabe},
  author={Engelbert, H.J.},
  journal={Stochastics: An International Journal of Probability and Stochastic Processes},
  volume={36},
  number={3-4},
  pages={205--216},
  year={1991}
}


@article{Engelbert_2000,
  title={Existence and non-existence of solutions of one-dimensional stochastic equations},
  author={Engelbert, H.J.},
  journal={Probability and Mathematical Statistics},
  volume={20},
  number={2},
  pages={343--358},
  year={2000}
}

@incollection{EngelbertSchmidt1981,
  title={On the behaviour of certain functionals of the {W}iener process and applications to stochastic differential equations},
author={Engelbert, H.J. and Schmidt, W.},
  booktitle={Stochastic Differential Systems. Lecture  Notes in Control and Information Sciences (Volume 36)},
  pages={47--55},
  year={1981},
  publisher={Springer}
}


@incollection{Engelbert_Schmidt_lecture,
author={Engelbert, H.J. and Schmidt, W.},
title={One-Dimensional Stochastic Differential Equations with Generalized Drift},
  booktitle={Stochastic Differential Systems. Filtering and Control. Lecture  Notes in Control and Information Sciences (Volume 69)},
pages = {143-155},
  year={1985},
  publisher={Springer}
}



@article{Engelbert_Schmidt_1984,
author={Engelbert, H.J. and Schmidt, W.},
title={On exponential local martingales connected with diffusion processes},
journal={Mathematische Nachrichten},
volume="119",
pages={97-115},
year="1984"
}

@article{Engelbert_Schmidt_1985,
author="Engelbert, H.J. and Schmidt, W.",
title="{On solutions of one-dimensional stochastic differential equations
    without drift}",
  journal = {Zeitschrift f{\"u}r Wahrscheinlichkeitstheorie und Verwandte Gebiete},
volume="68",
pages="287-314",
year="1985"
}

@article{Engelbert_Schmidt_1991,
author="Engelbert, H.J. and Schmidt, W.",
title = {Strong {M}arkov continuous local martingales and solutions of one-dimensional stochastic differential equations ({Part III})},
  journal={Mathematische Nachrichten},
  volume={151},
  number={1},
  pages={149--197},
  year={1991}
}

@inproceedings{Engelbert_Senf_1991,
  title={On functionals of a {W}iener process with drift and exponential local martingales},
  author={Engelbert, H.J. and Senf, T},
  booktitle={Stochastic Processes and Related Topics, 8th Winter School on Stochastic Processes and Optimal Control, Georgenthal (GDR), January 22-26, 1990, Mathematical Research},
  pages={45--58},
  year={1991}
}

@article{Engelbert_Wolf,
  title={Strong {M}arkov local {D}irichlet processes and stochastic differential equations},
  author={Engelbert, Hans-J{\"u}rgen and Wolf, Jochen},
  journal={Theory of Probability and its Applications},
  volume={43},
  number={2},
  pages={189--202},
  year={1999}
}

@article{Errami2002,
  title={It{\^o}'s formula for ${C}^{1,\lambda}$--functions of a c{\`a}dl{\`a}g process and related calculus},
  author={Errami, Mohammed and Russo, Francesco and Vallois, Pierre},
  journal={Probability Theory and Related Fields},
  volume={122},
  pages={191--221},
  year={2002}
}

@article{Errami2003,
  title={$n$--covariation, generalized {D}irichlet processes and calculus with respect to finite cubic variation processes},
  author={Errami, Mohammed and Russo, Francesco},
  journal={Stochastic Processes and Their Applications},
  volume={104},
  pages={259--299},
  year={2003}
}

@article{KMK2010,
author="Kallsen, Jan and Muhle-Karbe, Johannes",
title="{Exponentially affine martingales, affine measure changes and exponential moments of affine processes}",
journal="Stochastic Processes and Their Applications",
volume="120",
number="2",
pages="163-181",
year="2010"
}

@article{KarouiQ1995,
 author = {El Karoui, Nicole and Quenez, Marie-Claire},
 title = {Dynamic Programming and Pricing of Contingent Claims in an Incomplete Market},
 journal = {SIAM Journal on Control and Optimization},
 volume = {33},
 number = {1},
 year = {1995},
 pages = {29-66}
 }

@Book{EK_Markovian,
  author = {Stewart N. Ethier and Thomas G. Kurtz},
  title = {Markov Processes: Characterization and Convergence},
  publisher = {John Wiley \& Sons},
  year = {1986}
}

@Book{Evans,
  author = {Lawrence C. Evans},
  title = {Partial Differential Equations},
  publisher = {American Mathematical Society},
  year = {1998}
}

@article{Fedrizzi2011,
  title={Pathwise uniqueness and continuous dependence for {SDEs} with non-regular drift},
  author={Fedrizzi, E and Flandoli, F},
  journal={Stochastics: An International Journal of Probability and Stochastic Processes},
  volume={83},
  number={3},
  pages={241--257},
  year={2011}
}

@ARTICLE{FengZhao,
  title={A Generalized {I}t{\^o}'s Formula in Two--Dimensions and Stochastic {L}ebesgue--{S}tieltjes Integrals},
  author={Feng, Chunrong and Zhao, H},
  journal={Electronic Journal of Probability},
  year={2007},
 volume={12},
 number = {57},
 pages = {1568-1599}
}

@ARTICLE{FK,
  author = {Daniel Fernholz and Ioannis Karatzas},
  title = {On optimal arbitrage},
  journal = {Annals of Applied Probability},
  volume = {20},
  number = {4},
  pages = {1179-1204},
  year = {2010}
}

@ARTICLE{FK_uncert,
  author = {Daniel Fernholz and Ioannis Karatzas},
  title = {Optimal arbitrage under model uncertainty},
  journal = {Annals of Applied Probability},
  volume = {21},
  number = {6},
  pages = {2191-2225},
  year = {2011}
}

@INCOLLECTION{FK_aspects,
  author = {Daniel Fernholz and Ioannis Karatzas},
  title = {Probabilistic aspects of arbitrage},
  booktitle = {Contemporary Mathematical Finance},
  publisher = {Springer},
  editor = {Carl Chiarella and Alexander Novikov},
  year = {2010}
}

@INCOLLECTION{F_generating,
  author = {E. R. Fernholz},
  title = {Portfolio generating functions},
  booktitle = {Quantitative Analysis in Financial Markets},
  publisher = {World Scientific},
  editor = {Marco Avellaneda},
  year = {1999}
}

@Book{Fe,
  author = {E. R. Fernholz},
  title = {Stochastic {P}ortfolio {T}heory},
  publisher = {Springer},
  year = {2002}
}

@INCOLLECTION{FK_survey,
  author = {E. R. Fernholz and I. Karatzas},
  title = {Stochastic {P}ortfolio {T}heory: an overview},
  booktitle = {Handbook of Numerical Analysis},
  publisher = {Elsevier},
  editor = {A. Bensoussan},
  volume = {Mathematical Modeling and Numerical Methods in Finance},
  year = {2009}
}

@Article{FKVolStabMarkets,
  author={Robert Fernholz and Ioannis Karatzas},
  title={Relative arbitrage in volatility-stabilized markets},
  journal={Annals of Finance},
  year=2005,
  volume={1},
  number={2},
  pages={149-177}
}

@Article{FKK,
  author={E. R. Fernholz and Ioannis Karatzas and Constantinos Kardaras},
  title={Diversity and relative arbitrage in equity markets},
  journal={Finance and Stochastics},
  year=2005,
  volume={9},
  number={1},
  pages={1-27}
}

@article{Flandoli2011,
  title={Regularizing properties of {B}rownian paths and a result of {D}avie},
  author={Flandoli, Franco},
  journal={Stochastics and Dynamics},
  volume={11},
  number={2-3},
  pages={323--331},
  year={2011}
}

@book{Flandoli2011_LN,
  title={Random Perturbation of PDEs and Fluid Dynamic Models: {\'E}cole D'{\'E}t{\'e} de Probabilit{\'e}s de Saint-Flour XL--2010 (Lecture Notes in Mathematics, Volume 2015)},
  author={Flandoli, Franco},
  year={2011},
  publisher={Springer}
}

@unpublished{Flandoli2013,
  title={Topics on regularization by noise},
  author={Flandoli, Franco},
  year={2013},
  note = {Lecture Notes, University of Pisa}
}

@article{FlandoliRussoWolf1,
  title={Some {SDEs} with distributional drift. {P}art {I}: {G}eneral calculus},
  author={Flandoli, Franco and Russo, Francesco and Wolf, Jochen},
  journal={Osaka Journal of Mathematics},
  volume={40},
  number = {2},
  year={2003},
  pages={493-542}
}

@article{FlandoliRussoWolf2,
  title={Some {SDEs} with distributional drift. {P}art {II}: {L}yons-{Z}heng structure, {I}t{\^o}'s formula and semimartingale characterization},
  author={Flandoli, Franco and Russo, Francesco and Wolf, Jochen},
   journal={Random Operators And Stochastic Equations},
  volume={12},
  number = {2},
  year={2004},
  pages={145--184}
}


@ARTICLE{F1972,
  author = {Hans F\"ollmer},
  title = {The exit measure of a supermartingale},
  journal = {Zeitschrift f{\"u}r Wahrscheinlichkeitstheorie und Verwandte Gebiete},
  volume = {21},
  pages={154-166},
  year = {1972}
}

@ARTICLE{F1973,
  author = {Hans F\"ollmer},
  title = {On the representation of semimartingales},
  journal = {Annals of Probability},
  volume = {1},
  number={4},
  pages={580-589},
  year = {1973}
}

@INCOLLECTION{F1981,
  AUTHOR = {Hans F{\"o}llmer},
  TITLE = {Calcul d'{I}t\^o sans probabilit\'es},
  BOOKTITLE = {S\'{e}minaire de Probabilit\'{e}s, XV  (Lecture Notes in Mathematics, Volume 850)},
  PAGES = {143-150},
  PUBLISHER = {Springer},
  YEAR = {1981},
  address={Berlin}
}

@INCOLLECTION{F1981Dirichlet,
  AUTHOR = {Hans F{\"o}llmer},
  title={Dirichlet processes},
  BOOKTITLE = { Stochastic Integrals,  (Lecture Notes in Mathematics, Volume 851)},
  PAGES = {476-778 },
  PUBLISHER = {Springer},
 editor={David Williams},
  YEAR = {1981},
  address={Berlin}
}

@incollection{follmer1981dirichlet,
  title={Dirichlet processes},
  author={F{\"o}llmer, Hans},
  booktitle={Stochastic integrals},
  pages={476--478},
  year={1981},
  publisher={Springer}
}

@article{Follmer_Gundel,
  title={Robust projections in the class of martingale measures},
  author={F{\"o}llmer, Hans and Gundel, Anne},
  journal={Illinois Journal of Mathematics},
  volume={50},
  number={1-4},
  pages={439--472},
  year={2006}
}

@ARTICLE{FI,
  author = {Hans F\"ollmer and P. Imkeller},
  title = {Anticipation cancelled by a {Girsanov} transformation: a paradox on
    {Wiener} space},
  journal = {Annales de l'Institut Henri Poincar\'{e}},
  volume = {29},
  year = {1993}
}

@Article{FL,
  author={Hans F\"ollmer and Peter Leukert},
  title={Quantile hedging},
  journal={Finance and Stochastics},
  year=1999,
  volume={3},
  number={3},
  pages={251-273}
}

@incollection{FontanaRunggaldier,
  title={Diffusion-based models for financial markets without martingale measures},
  author={Fontana, Claudio and Runggaldier, Wolfgang J},
  booktitle={Risk Measures and Attitudes},
  pages={45--81},
  year={2013},
  publisher={Springer}
}


@ARTICLE{Frankel05,
    author = {Jeffrey A. Frankel},
    title = {Mundell-{F}leming {L}ecture: {C}ontractionary Currency Crashes in Developing Countries},
    journal = {Staff Papers, International Monetary Fund},
    year = {2005}
}

@Article{Foellmer_Protter_2000,
  author={Hans F\"ollmer and Philip Protter},
  title={On {I}t\^o's formula for multidimensional {B}rownian motion},
  journal={Probability Theory and Related Fields},
  year=2000,
  volume={116},
  pages={1-20}
}

@article{Foellmer_Protter_2010,
  title={Local martingales and filtration shrinkage},
  author={Hans F\"ollmer and Philip Protter},
  journal={ESAIM: Probability and Statistics},
  volume={15},
  year={2010}
}

@incollection{FS_incomplete,
  author =   {Hans F\"ollmer and Martin Schweizer},
  title =    {Hedging of Contingent Claims under Incomplete Information},
  booktitle =      {Applied Stochastic Analysis, Stochastics Monographs},
  year =         {1991},
  editor =       {Davis, M.H.A. and Elliott, R.J.},
  publisher =    {Gordon and Breach},
  volume =    {5},
  pages =    {389-414}
}

@Article{FKab_OD,
  author={Hans F\"ollmer  and Y.M. Kabanov},
  title={Optional decomposition and {L}agrange multipliers},
  journal={Finance and Stochastics},
  year=1998,
  volume={2},
  number={1},
  pages={69-81}
}

@Article{FKram_OD,
  author={Hans F\"ollmer  and Dmitry Kramkov},
  title={Optional decompositions under constraints},
  journal={Probability Theory and Related Fields},
  year=1997,
  volume={109},
  pages={1-25}
}

@unpublished{Fontana_2013,
  title={Weak and strong no-arbitrage conditions for continuous financial markets},
  author={Fontana, Claudio},
  note={Preprint, arXiv:1302.7192},
  year={2013}
}

@article{Fontana_Jeanblanc_2013,
  title={On arbitrages arising from honest times},
  author={Fontana, Claudio and Jeanblanc, Monique and Song, Shiqi},
journal = {Finance and Stochastics},
	volume={forthcoming},
  year={2013}
}

@book{Friedman_SDE,
        title = {Stochastic Differential Equations and Applications: Volumes 1 and 2},
        author = {Avner Friedman},
        publisher = {Academic Press},
	address = {New York},
        year = {1976}
}

@book{Friedman_PDE,
  title={Partial Differential Equations of Parabolic Type},
        author = {Avner Friedman},
  year={1964},
  publisher={Prentice-Hall},
	address = {Englewood Cliffs},
}

@book{Fukushima1994,
  title={Dirichlet Forms and Symmetric Markov Processes},
  author={Fukushima, Masatoshi and Oshima, Yoichi and Takeda, Masayoshi},
  year={1994},
  publisher={de Gruyter},
 address = {Berlin}
}

@ARTICLE{GER,
  author = {H. Geman and N. El Karoui and J. Rochet},
  title = {Changes of num\'eraire, changes of probability measure and option pricing},
  journal = {Journal of Applied Probability},
  volume = {32},
  year = {1995},
  pages={443-458}
}

@article{Getoor_1979,
  title={The {B}rownian escape process},
  author={Getoor, RK},
  journal={Annals of Probability},
  volume={7},
  number={5},
  pages={864--867},
  year={1979}
}

@article{Getoor_Sharpe,
  title={Excursions of {B}rownian motion and {B}essel processes},
  author={Getoor, RK and Sharpe, MJ},
  journal={Probability Theory and Related Fields},
  volume={47},
  number={1},
  pages={83--106},
  year={1979}
}

@UNPUBLISHED{GieseckeExact,
  author = {Kay Giesecke and Dmitry Smelov},
  title = {Exact Sampling of Jump-Diffusions},
  year = {2010}
}

@ARTICLE{Giddy,
  title={{Foreign exchange options}},
  author={Giddy, I.},
  journal={Journal of Futures Markets},
  year=1983,
  volume = 3,
  pages = {143-166}
}

@article{Giesecke_2013,
  title={Transform analysis for point processes and applications in credit risk},
  author={Giesecke, Kay and Zhu, Shilin},
  journal={Mathematical Finance},
  year={2013},
  volume={23},
number = {4},
pages={742-762}
}

@book{Gikhman_Skorohod_1972,
    author       = {Gikhman, I.I. and Skorohod, A.V.},
    title        = {Stochastic Differential Equations},
    publisher    = {Springer},
    year         = {1972}
}

@ARTICLE{Girsanov_1960,
  title={On transforming a certain class of stochastic processes by absolutely continuous substitution of measures},
  author={Girsanov, I. V.},
  journal={Theory of Probability and its Applications},
  year=1960,
  volume = 5,
  number = 3,
  pages = {285-301}
}


@INCOLLECTION{Ghomrasni,
  author={Ghomrasni, Raouf and Peskir, Goran},
  year={2003},
  publisher = {Birkh\"auser},
  title = {Local time-space calculus and extensions of {I}t{\^o}'s formula},
  booktitle = {High Dimensional Probablity III},
  editor = {  Hoffmann-Joergensen, Joergen and Marcus, Michael B. and Wellner, Jon A.},
  pages = {177-192},
 address={Basel}
}


@ARTICLE{Grabbe,
  title={The pricing of call and put options on foreign exchange},
  author={Grabbe, J.O.},
  journal={Journal of International Money and Finance},
  year=1983,
  volume = 2,
  pages = {239-253}
}

@Article{GRS_small,
  author={Paolo Guasoni and Mikl\'os R\'asonyi and Walter Schachermayer},
  title={The {F}undamental {T}heorem of {A}sset {P}ricing for continuous processes under small transaction costs},
  journal={Annals of Finance},
  year=2010,
  volume={6},
  number={2},
  pages={157-191}
}

@ARTICLE{GMS,
  title={{The dual optimizer for the growth-optimal portfolio under transaction costs}},
  author={Stefan Gerhold and Johannes {Muhle-Karbe} and Walter Schachermayer},
  journal={Finance and Stochastics},
  year=2011,
  volume = {forthcoming}
}

@article{Going_Yor,
  title={A survey and some generalizations of {B}essel processes},
  author={G{\"o}ing-Jaeschke, Anja and Yor, Marc},
  journal={Bernoulli},
  volume={9},
  number={2},
  pages={313--349},
  year={2003}
}

@ARTICLE{Goldys_1997,
  title={A note on pricing interest rate derivatives when forward {LIBOR} rates are lognormal},
  author={Beniamin Goldys},
  journal={Finance and Stochastics},
  year=1997,
  volume = {1},
  pages = {345-352}
}

@UNPUBLISHED{Guasoni_Rasony_2011,
	title = {Fragility of Arbitrage and Bubbles in Diffusion Models},
	author = {Guasoni, P. and R\'asony, M.},
	year = 2011,
	note = {Preprint, http://ssrn.com/abstract=1856223}
}

@ARTICLE{Gyongy,
  author = {I. Gy{\"o}ngy},
  title = {Mimicking the one-dimensional marginal distributions of processes having an Ito differential},
  journal = {Probability Theory and Related Fields},
  year = {1986},
  volume = {71}
}

@inproceedings{Hammersley,
  title={On the statistical loss of long-period comets from the solar system. {II}},
  author={Hammersley, JM},
  booktitle={Proceedings of the Fourth Berkeley Symposium on Mathematical Statistics and Probability},
  volume={3},
  pages={17--78},
  year={1961}
}

@article{Hantoute_2008,
author="Hantoute, A. and L\'opez, M.A. and Zualinescu, C.",
title="{Subdifferential calculus rules in convex analysis: a unifying approach
    via pointwise supremum functions.}",
journal="SIAM J. Optim. ",
volume="19",
number="2",
pages="863-882",
year="2008"
}


@Article{HarrisonKreps,
  author={Harrison, J. Michael and Kreps, David M.},
  title={Martingales and arbitrage in multiperiod securities markets},
  journal={Journal of Economic Theory},
  year=1979,
  volume={20},
  number={3},
  pages={381-408}
}

@ARTICLE{HarrisonPliska,
  author = {Harrison, J. Michael and S. Pliska},
  title = {Martingales and stochastic integrals in the theory of continuous trading},
  journal = {Stochastic Processes and Their Applications},
  volume = {11},
  year = {1981},
  number = {3},
  pages = {215-260}
}

@article{HarrisonShepp,
  title={On skew {B}rownian motion},
  author={Harrison, J.M. and Shepp, L.A.},
  journal={Annals of Probability},
  pages={309--313},
volume=9,
number=2,
  year={1981}
}

@ARTICLE{HP_consistent,
  author={David Heath and Eckhard Platen},
  title={Consistent Pricing and Hedging for a Modified Constant Elasticity of Variance Model},
  journal = {Quantitative Finance},
  volume = {2},
  number={6},
  pages={459-467},
  year=2002
}

@ARTICLE{HP_index,
  title = {Perfect hedging of index derivatives under a minimal market model},
  author={David Heath and Eckhard Platen},
  journal = {International Journal of Theoretical and Applied Finance},
  volume = {5},
  number={7},
  pages={757-774},
  year=2002
}

@book{HeWangYan,
  title={Semimartingale Theory and Stochastic Calculus},
  author={He, S. and Wang, C. and Yan, J.},
  year={1992},
  publisher={Science Press},
  address = {Beijing}
}

@ARTICLE{HS,
  author = {D. Heath and M. Schweizer},
  title = {Martingales versus {PDEs} in finance: an equivalence result with examples},
  journal = {Journal of Applied Probability},
  volume = {37},
  pages = {947 - 957},
  year = {2000}
}

@book{HenryLabordere,
author="Henry-Labord\`ere, Pierre",
title={Analysis, Geometry, and Modeling in Finance. Advanced Methods in Option Pricing},
publisher={Chapman \& Hall},
        address = {Boca Raton},
year="2009"
}

@ARTICLE{HLW,
  author = {S. Heston and M. Loewenstein and G. Willard},
  title = {Options and bubbles},
  journal = {Review of Financial Studies},
  volume = {20},
  number={2},
  pages={359-390},
  year = {2007}
}

@book{Hirsch,
        title = {Differential Equations, Dynamical Systems, and Linear Algebra},
        author = {Morris W. Hirsch and Stephen Smale},
        publisher = {Academic Press},
	 address = {New York},
        year = {1974}
}

@INCOLLECTION{HP_visual,
  author = {Hardy Hulley and Eckhard Platen},
  title = {A Visual Criterion for Identifying {I}t\^o Diffusions as Martingales or Strict Local Martingales},
  booktitle = {Seminar on Stochastic Analysis, Random Fields and Applications VI},
  publisher = {Birkh\"auser},
  editor = {Robert C. Dalang and Marco Dozzi and Francesco Russo},
  pages = {147-157},
  year = {2011}
}

@book{Hartman1982,
  title={Ordinary Differential Equations},
  author={Hartman, Philip},
  publisher = {Birkh\"auser},
  edition = {Second},
  address = {Boston},
  year={1982}
}


@ARTICLE{H,
  author={Julien Hugonnier},
  title={Rational asset pricing bubbles and portfolio constraints},
  journal={Journal of Economic Theory},
  volume={147},
  number={6},
  pages={2260--2302},
  year={2012}
}

@incollection{Hulley_2010,
  title={The economic plausibility of strict local martingales in financial modelling},
  author={Hulley, Hardy},
  booktitle = {Contemporary Mathematical Finance},
  publisher = {Springer},
  editor = {Carl Chiarella and Alexander Novikov},
  year = {2010},
  pages={53--75}
}

@ARTICLE{Illeditsch,
  author = {Philipp Karl Illeditsch},
  title = {Ambiguous Information, Portfolio Inertia, and Excess Volatility},
  journal = {Journal of Finance},
  volume = {forthcoming},
  year = {2011+}
}

@BOOK{Ikeda_Watanabe,
  AUTHOR = {Ikeda, Nobuyuki and Watanabe, Shinzo},
  TITLE = {Stochastic {D}ifferential {E}quations and {D}iffusion {P}rocesses},
  EDITION = {Second},
  PUBLISHER = {North-Holland Publishing},
  YEAR = {1989}
}

@book{I,
        title = {Theory of Financial Decision Making},
        author = {Jonathan E. Ingersoll},
        publisher = {Rowman \& Littlefield Publishers},
        year = {1987}
}

@ARTICLE{Ingersoll_bounded,
        title = {Valuing foreign exchange rate derivatives with a bounded exchange process},
        author = {Jonathan E. Ingersoll},
    journal = {Review of Derivatives Research},
  volume = {1},
  pages={159-181},
  year = {1997}
}

@Book{Ito_2006,
  author = {Kiyosi It\^o},
  title = {Essentials of Stochastic Processes},
  publisher = {American Mathematical Society},
  address = {Providence},
  series = {Translations of Mathematical Monographs 231},
  year = {2006}
}

@Book{ItoMcKean,
  author = {Kiyosi It\^o and Henry P. McKean},
  title = {Diffusion Processes and Their Sample Paths},
  publisher = {Springer},
  address = {New York},
  year = {1965}
}

@article{Ito1965,
  title={Transformation of {M}arkov processes by multiplicative functionals},
  author={It\^o, Kiyosi and Watanabe, Shinzo},
  journal = {Annales de l'Institut Henri Poincar\'{e}},
  volume={15},
  number={1},
  pages={13--30},
  year={1965}
}

@unpublished{Imkeller_Perkowski,
  title={The existence of dominating local martingale measures},
  author={Imkeller, Peter and Perkowski, Nicolas},
  note={Preprint, arXiv:1111.3885},
  year={2013}
}

@ARTICLE{Jacka,
  author = {S. Jacka},
  title = {A Martingale Representation Result and an Application to Incomplete Financial Markets},
  journal = {Mathematical Finance},
  volume = {2},
  pages={239-250},
  year = {1992}
}

@Book{Jacod_book,
  author = {J. Jacod},
  title={Calcul Stochastique et Problemes de Martingales},
  author={Jacod, Jean},
  year={1979},
  publisher={Springer},
  address={Berlin}
}

@Book{JacodS,
  author = {J. Jacod and A. N. Shiryaev},
  title = {Limit Theorems for Stochastic Processes},
  publisher = {Springer},
  ADDRESS = {Berlin},
  edition = {2nd},
  year = {2003}
}


@article{Jacod_1975,
  title={Multivariate point processes: predictable projection, {R}adon-{N}ikodym derivatives, representation of martingales},
  author={Jacod, Jean},
  journal={Probability Theory and Related Fields},
  volume={31},
  number={3},
  pages={235--253},
  year={1975}
}

@INCOLLECTION{Jacod_1978,
  title={Projection pr{\'e}visible et d{\'e}composition multiplicative d’une semi-martingale positive},
  author={Jacod, Jean},
  BOOKTITLE = {S\'{e}minaire de Probabilit\'{e}s, XII},
  pages={22--34},
  year={1978},
  PUBLISHER = {Springer},
  ADDRESS = {Berlin}
}

@INCOLLECTION{Jacod_1980,
  author={Jacod, Jean},
title="{Int\'egrales stochastiques par rapport \`a une semimartingale
    vectorielle et changements de filtration}",
  BOOKTITLE = {S\'{e}minaire de Probabilit\'{e}s, XIV  (Lecture Notes in Mathematics, Volume 784)},
  editor = {J. Az{\'e}ma and M. Yor},
  PAGES = {161-172},
  PUBLISHER = {Springer},
  ADDRESS = {Berlin},
  YEAR = {1980}
}

@ARTICLE{Jamshidian_1992,
  author = {Jamshidian, F},
  title = {Asymptotically optimal portfolios},
  journal = {Mathematical Finance},
  volume = {2},
  number = {2},
  pages={131-150},
  year = {1992}
}

@ARTICLE{JT,
  author = {S. Janson and J. Tysk},
  title = {Feynman-{Kac} formulas for {Black}-{Scholes}-type operators},
  journal = {Bulletin of the London Mathematical Society},
  volume = {38},
  number={2},
  pages={269-282},
  year = {2006}
}

@ARTICLE{JJM99,
    author = {Robert Jarrow and Xing Jin and Dilip Madan},
    title = {The {S}econd {F}undamental {T}heorem of {A}sset {P}ricing},
    journal = {Mathematical Finance},
    year = {1999},
    volume = {9},
    number = {3},
    pages = {255-273}
}

@INCOLLECTION{JP_complete,
  author = {R. Jarrow and P. Protter and K. Shimbo},
  title = {Asset price bubbles in complete markets},
  booktitle = {Advances in Mathematical Finance},
  publisher = {Birkh\"auser},
  editor = {Michael C. Fu and Robert A. Jarrow and Ju-Yi J. Yen and Robert J. Elliott},
  volume = {in honor of Dilip Madan},
  pages = {97-121},
  year = {2007}
}

@ARTICLE{JP_incomplete,
  author = {R. Jarrow and P. Protter and K. Shimbo},
  title = {Asset price bubbles in incomplete markets},
  year = {2010},
  journal = {Mathematical Finance},
  volume = {20},
  number = {2},
  pages = {145-185}
}

@ARTICLE{JP_foreign,
title = {Foreign currency bubbles},
author = {Jarrow, Robert and Protter, Philip},
year = {2011},
journal = {Review of Derivatives Research},
volume = {14},
number = {1},
pages = {67-83}
}

@article{JohnsonHelms,
  title={Class {D} supermartingales},
  author={Johnson, G. and Helms, L.L.},
  journal={Bulletin of the American Mathematical Society},
  volume={69},
  pages={59--62},
  year={1963}
}



@article{Jeanblanc_PY_1997,
author="Jeanblanc, M. and Pitman, J. and Yor, M.",
title="{The {F}eynman-{K}ac formula and decomposition of {B}rownian paths}",
journal="Journal of Computational and Applied Mathematics",
volume="16",
number="1",
pages="27-52",
year="1997"
}

@book{JYC_2009,
  title={Mathematical Methods for Financial Markets},
  author={Jeanblanc, M. and Yor, M. and Chesney, M.},
  year={2009},
  publisher={Springer},
  address={New York}
}

@ARTICLE{Kabanov,
  author = {Kabanov, Yu. M.},
  title = {On the {FTAP} of {K}reps-{D}elbaen-{S}chachermayer},
  journal = {Statistics and Control of Stochastic Processes  (Moscow, 1995/1996)},
  pages = {191-203},
  year = {1997}
}

@article{Kallsen_Shir,
author={Kallsen, Jan and Shiryaev, Albert N.},
title={The cumulant process and {E}sscher's change of measure},
journal={Finance and Stochastics},
volume="6",
number="4",
pages={397-428},
year="2002"
}

@article{Karandikar1995,
  title={On pathwise stochastic integration},
  author={Karandikar, Rajeeva L},
  journal={Stochastic Processes and Their Applications},
  volume={57},
  number={1},
  pages={11--18},
  year={1995}
}

@ARTICLE{KK,
  author = {Ioannis Karatzas and Constantinos Kardaras},
  title = {The num\'eraire portfolio in semimartingale financial models},
  journal = {Finance and Stochastics},
  volume = {11},
  number = {4},
  pages = {447-493},
  year = {2007}
}

@ARTICLE{KO,
  author = {Ioannis Karatzas and Daniel Ocone},
  title = {A generalized {Clark} representation formula, with application to optimal portfolios},
  journal = {Stochastics and Stochastics Reports},
  volume = {37},
  year = {1991}
}

@book{KS1,
        title = {Brownian Motion and Stochastic Calculus},
        author = {Ioannis Karatzas and Steven E. Shreve},
        edition = {2nd},
        publisher = {Springer},
        year = 1991,
	 address   = "New York"
}

@book{KS2,
        title = {Methods of Mathematical Finance},
        author = {{Ioannis} Karatzas and Steven E. Shreve},
        publisher = {Springer},
        year = 1998
}

@book{K_Lectures,
        title = {Lectures on the Mathematics of Finance},
        address = {Providence, RI},
        author = {Ioannis Karatzas},
        number = 8,
        publisher = {American Mathematical Society},
        series = {CRM monograph series},
        year = 1997,
}

@article{Karatzas2003,
	author = "Karatzas, Ioannis and \v{Z}itkovi{\'c}, Gordan",
	journal = "Annals of Probability",
	number = "4",
	pages = "1821--1858",
	title = "{Optimal consumption from investment and random endowment in incomplete semimartingale markets.}",
	volume = "31",
	year = "2003"
}

@ARTICLE{KLSX,
  author = {Ioannis Karatzas and J. Lehoczky and Steven E. Shreve  and G. Xu},
  title = {Martingale and duality methods for utility maximization in an incomplete market},
  journal = {SIAM Journal on Control and Optimization},
  volume = {29},
  number={3},
  pages={702-730},
  year = {1991}
}

@article{KLS91,
  title={Equilibrium Models with Singular Asset Prices},
  author={Karatzas, Ioannis  and Lehoczky, John  and Shreve, Steven E.  },
  journal={Mathematical Finance},
  volume={1},
  number={3},
  pages={11-29},
  year={1991}
}

@ARTICLE{K_balance,
  author={Constantinos Kardaras},
  title={Balance, growth and diversity of financial markets},
  journal={Annals of Finance},
  year=2008,
  volume={4},
  number={3},
  pages={369-397}
}

@INCOLLECTION{Kardaras_finitely,
  title = {Finitely additive probabilities and the {F}undamental {T}heorem of {A}sset {P}ricing},
  author = {Kardaras, Constantinos},
  booktitle = {Contemporary Mathematical Finance},
  publisher = {Springer},
  editor = {Carl Chiarella and Alexander Novikov},
  year = {2010}
}

@article{Kardaras_2012_viability,
  title={Market viability via absence of arbitrage of the first kind},
  author={Kardaras, Constantinos},
  journal={Finance and Stochastics},
  volume={16},
  number={4},
  pages={651--667},
  year={2012}
}

@unpublished{Kardaras_times,
	Author = {Kardaras, Constantinos},
	Title = {On the stochastic behavior of optional processes up to random times},
	note = {Preprint, arXiv:1007.1124},
	Year = {2012}
}
	
@INCOLLECTION{Kardaras_SDF,
  title = {Stochastic discount factors},
  author = {Kardaras, Constantinos},
  booktitle = {Encyclopedia of Quantitative Finance},
  publisher = {Wiley},
  editor = {Rama Cont},
  year = {2010}
}

@ARTICLE{KP,
    title = {On the semimartingale property of discounted asset-price processes},
    author = {Kardaras, Constantinos and Platen, Eckhard},
    journal = {Stochastic Processes and Their Applications},
  volume = {121},
  number = {11},
  pages={2678-2691},
  year = {2011}
}

@UNPUBLISHED{KKN_local,
  author={Constantinos Kardaras and Doerte Kreher and Ashkan Nikeghbali},
  title={Strict local martingales and bubbles},
note = {Preprint, 		arXiv:1108.4177},
  year=2012
}

@UNPUBLISHED{CR_robust,
  author={Constantinos Kardaras and Scott Robertson},
  title={Robust maximization of asymptotic growth},
  year=2010
}

@article {Kazamaki_1977,
    author       = {Kazamaki, Norihiko},
    title        = {On a problem of {G}irsanov},
    year         = {1977},
    journal      = {Tohoku Mathematical Journal},
    volume       = {29},
    pages        = {597-600}
}

@article {Kazamaki_1983,
    author       = {Kazamaki, Norihiko and Sekiguchi, Takeshi},
    title        = {Uniform integrability of continuous exponential martingales},
    year         = {1983},
    journal      = {Tohoku Mathematical Journal},
    volume       = {35},
    pages        = {289-301}
}

@book{Kazamaki_1994,
author="Kazamaki, Norihiko",
title="{Continuous Exponential Martingales and BMO}",
publisher="{Springer}",
year="1994"
}

@article{Kent_1978,
  title={Some probabilistic properties of {B}essel functions},
author="Kent, John T.",
  journal={ Annals of Probability},
  pages={760--770},
  year={1978},
  volume={6},
	number={5}
}


@article{Kent_1980,
author="Kent, John T.",
title="{Eigenvalue expansions for diffusion hitting times}",
  journal = {Zeitschrift f{\"u}r Wahrscheinlichkeitstheorie und Verwandte Gebiete},
volume="52",
pages="309-319",
year="1980"
}

@article{Kent_1982,
  title={The spectral decomposition of a diffusion hitting time},
  author={Kent, John T},
  journal={Annals of Probability},
  volume={10},
  number={1},
  pages={207--219},
  year={1982}
}

@article{Khos_Salminen_Yor,
  title={A note on a.s.~finiteness of perpetual integral functionals of diffusions},
  author={Khoshnevisan, Davar and Salminen, Paavo and Yor, Marc},
  journal = {Electronic Communications in Probability},
  volume = {11},
  pages={108-117},
  year={2006}
}

@ARTICLE{Knerr,
  author = {Barry F. Knerr},
  title = {Parabolic interior {Schauder} estimates by the maximum principle},
  journal = {Archive for Rational Mechanics and Analysis},
  volume = {75},
  number={1},
  pages={51-85},
  year={{1980}}
}

@article{Knight_1969,
author="Knight, F.B.",
title="{Brownian local times and taboo processes}",
journal="Transactions of the American Mathematical Society",
volume="143",
pages="173-185",
year="1969"
}

@incollection{Kotani_2006,
author={Kotani, Shinichi},
title={On a condition that one-dimensional diffusion processes are
    martingales},
year={2006},
  BOOKTITLE = {In Memoriam Paul-Andr\'e Meyer: S\'{e}minaire de Probabilit\'{e}s, XXXIX},
  PAGES = {149-156},
address = {Berlin},
  PUBLISHER = {Springer}
}

@Article{Kram_OD,
  author={Dmitry Kramkov},
  title={Optional decomposition of supermartingales and hedging contingent claims in incomplete security markets},
  journal={Probability Theory and Related Fields},
  year=1996,
  volume={105},
  pages={459-479}
}

@article{Kram_Schach_1999,
  title={The asymptotic elasticity of utility functions and optimal investment in incomplete markets},
  author={Kramkov, Dimitri and Schachermayer, Walter},
  journal={Annals of Applied Probability},
  pages={904--950},
  year={1999}
}

@article{Kram_Schach_2003,
  title={Necessary and sufficient conditions in the problem of optimal investment in incomplete markets},
  author={Kramkov, Dmitry and Schachermayer, Walter},
  journal={Annals of Applied Probability},
  pages={1504--1516},
  year={2003}
}


@Article{Kram_Shir,
  author={D. Kramkov and A.N. Shiryaev},
  title={Sufficient conditions of the uniform integrability
of exponential martingales},
  journal={Progress in Mathematics,},
  year=1998,
  volume={168},
  pages={289-295}
}

@article{Kreps_1981,
  title={Arbitrage and equilibrium in economies with infinitely many commodities},
  author={Kreps, David M},
  journal={Journal of Mathematical Economics},
  volume={8},
  number={1},
  pages={15--35},
  year={1981}
}

@ARTICLE{Krylov_Markov_Selection,
  author = {N. V. Krylov},
  title = {On the selection of a {Markov} process from a system of processes and the construction of
  quasi-diffusion processes},
  journal = {Mathematics of the USSR-Izvestiya},
  volume = {7},
  pages={691-709},
  year={1973}
}

@UNPUBLISHED{Krylov_Novikov,
  author = {N. V. Krylov},
  title={A simple proof of a result of {A}.~{N}ovikov},
note = {Preprint, arXiv:math/0207013},
  year=1999
}

@Book{Krylov_Intro_Diff,
  author = {N. V. Krylov},
  title={Introduction to the Theory of Diffusion Processes},
  publisher={American Mathematical Society},
  year=1995
}

@article{Krylov2005,
  title={Strong solutions of stochastic equations with singular time dependent drift},
  author={Krylov, Nicolai V and R\"ockner, Michael},
  journal={Probability Theory and Related Fields},
  volume={131},
  pages={154--196},
  year={2005}
}

@INCOLLECTION{Kunita_flows,
  author = {H. Kunita},
  title = {Stochastic differential equations and stochastic flows of diffeomorphisms},
  publisher = {Springer},
  pages = {143-303},
  booktitle = {\'{E}col\'{e} d'\'{E}t\'{e} de Probabilit\'{e}s de Saint-Flour XII-1982},
  year = {1984}
}

@incollection{Kunita1976,
 author = "Kunita, Hiroshi",
 booktitle = "{S{\'e}minaire de Probabilit{\'e}s, X}",
 pages = "44--77",
 publisher = "Springer",
 title = "{Absolute continuity of {M}arkov processes}",
  ADDRESS = {Berlin},
 year = "1976"
}

@unpublished{Kurtz2013,
author="Kurtz, Thomas G.",
title="{Weak and strong solutions of general stochastic models}",
year="2013"
}

@article{KurtzPardouxProtter,
  title={Stratonovich stochastic differential equations driven by general semimartingales},
  author={Kurtz, Thomas G and Pardoux, {\'E}tienne and Protter, Philip},
  journal = {Annales de l'Institut Henri Poincar\'{e}},
  volume={31},
  pages={351--377},
  year={1995}
}


@article{Kurtz_Protter,
author="Kurtz, Thomas G. and Protter, Philip",
title="{Weak limit theorems for stochastic integrals and stochastic differential
    equations}",
journal="Annals of Probability", 
volume="19", 
number="3", 
pages="1035-1070", 
year="1991"
}

@article{LT1976,
	Author = {Lakshmivarahan, S. and Thathachar, Mandayam},
	Journal = {IEEE Transactions on Systems, Man, and Cybernetics},
	Pages = {756-763},
	Title = {Bounds on the convergence probabilities of learning automata},
	Volume = {SMC-6},
	Year = {1976}
}

@article{Lamperti1964,
  title={A simple construction of certain diffusion processes},
  author={Lamperti, J.},
  journal={Kyoto Journal of Mathematics},
  volume={4},
  number={1},
  pages={161--170},
  year={1964}
}

@article{LarZit_2013,
   author = {Kasper Larsen and Gordan {\v{Z}}itkovi\'{c}},
   title = {Utility maximization under convex portfolio constraints},
   year = {2013},
   journal = {Annals of Applied Probability},
   volume = {23},
   number = {2},
   pages = {665-692},
   doi = {10.1214/12-AAP850}
} 

@UNPUBLISHED{Larsson_2013,
  author = {Martin Larsson},
  title = {Filtration Shrinkage, strict local martingales and the {F}\"ollmer measure},
  year = {2013}
}

@incollection{LeGall1983,
  title={Applications du temps local aux {\'e}quations diff{\'e}rentielles stochastiques unidimensionnelles},
  author={Le Gall, Jean-Fran{\c{c}}ois},
  booktitle={S{\'e}minaire de Probabilit{\'e}s, XVII 1981/82},
  pages={15--31},
  year={1983},
  publisher={Springer}
}

@incollection{LeGall1984,
  title={One-dimensional stochastic differential equations involving the local times of the unknown process},
  author={Le Gall, Jean-Fran{\c{c}}ois},
 booktitle={Stochastic Analysis and Applications (Lecture Notes in Mathematics, Volume 1095)},
  editor={A. Truman and D. Williams},
  pages={51--82},
  year={1984},
  publisher={Springer}
}


@article{Lenglart_1977,
author="Lenglart, E.",
title="{Transformation des martingales locales par changement absolument continu
    de probabilities.}",
journal="Zeitschrift f{\"u}r Wahrscheinlichkeitstheorie und Verwandte Gebiete",
volume="39",
pages="65-70",
year="1977"
}

@article {Lepingle_Memin_Sur,
    author       = {Lepingle, Dominique and M\'emin, Jean},
    title        = {Sur l'int\'egrabilit\'e uniforme des martingales exponentielles},
    year         = {1978},
  journal = {Zeitschrift f{\"u}r Wahrscheinlichkeitstheorie und Verwandte Gebiete},
    volume       = {42},
    pages        = {175-203}

}

@INCOLLECTION{Lepingle_Memin_integrabilite,
    author       = {Lepingle, Dominique and M\'emin, Jean},
    title        = {Int\'egrabilit\'e uniforme et dans {$L^r$} des martingales exponentielles},
    year         = {1978},
    booktitle      = {S\'{e}minaire de Probabilit\'{e}s, Rennes}
}

@Book{Lewis,
  author={Alan L. Lewis},
  title={Option Valuation under Stochastic Volatility},
  publisher={Finance Press},  
ADDRESS = {Newport Beach},
  year=2000
}

@ARTICLE{LS,
  author = {S. Levental and A. Skorohod},
  title = {A necessary and sufficient condition for absence of arbitrage with tame portfolios},
  journal = {Annals of Applied Probability},
  volume = {5},
  number={4},
  pages={906-925},
  year = {1995}
}

@article{Lubin1974,
	author = "Lubin, Arthur",
	journal = "Proceedings of the American Mathematical Society",
	pages = "118--122",
	title = "{Extensions of measures and the {V}on {N}eumann selection theorem}",
	volume = "43",
	number=1,
	year = "1974"
}

@Book{Lipton_book,
  author = {A. Lipton},
  title = {Mathematical Methods for Foreign Exchange:
  a Financial Engineer's Approach},
  publisher = {World Scientific},
  year = {2001}
}

@ARTICLE{Lipton_volsmile,
  author = {A. Lipton},
  title = {The vol smile problem},
  journal = {Risk Magazine},
  volume = {15},
  number={2},
  pages={61-65},
  year = {2002}
}

@article {Lip_Shir_1972,
    author       = {Liptser, R.Sh. and Shiryaev, A.N.},
    title        = {On the absolute continuity of measures corresponding to processes of diffusion type relative to a {W}iener measure.},
    year         = {1972},
    journal      = {Mathematics of the USSR. Izvestija},
    volume       = {6},
    pages        = {839-882}
}

@Article{LW_snack,
  author={Mark Loewenstein and Gregory A. Willard},
  title={Local martingales, arbitrage, and viability. {Free} snacks and cheap thrills},
  journal={Economic Theory},
  year=2000,
  volume={16},
  number={1},
  pages={135-161}
}

@Article{LW_bubble,
  author={Mark Loewenstein and Gregory A. Willard},
  title={Rational Equilibrium Asset-Pricing Bubbles in Continuous Trading Models},
  journal={Journal of Economic Theory},
  year=2000,
  volume={91},
  number={1},
  pages={17-58}
}

@article{Lowther2010,
  title={Nondifferentiable functions of one-dimensional semimartingales},
  author={Lowther, G.},
  journal={Annals of Probability},
  volume={38},
  number={1},
  pages={76--101},
  year={2010}
}


@UNPUBLISHED{Lyasoff_FTAP,
  author={Andrew Lyasoff},
  title={The {FTAP} in the special case of {I}t\^o process financial markets},
  year=2010
}

@Article{Lyons_1995,
  author={Terry J. Lyons},
  title={Uncertain volatility and the risk-free synthesis of derivatives},
  journal={Applied Mathematical Finance},
  year={1995},
  volume={2},
  number={2},
  pages={117-133}
}

@book{LyonsQian2002,
  title={System Control and Rough Paths},
  author={Lyons, Terry J and Qian, Zhongmin},
  year={2002},
  publisher={Oxford University Press}
}

@INCOLLECTION{MadanYor_Ito,
  author = {D. Madan and M. Yor},
  title = {It\^o's Integrated Formula for Strict Local Martingales},
  BOOKTITLE = {S\'{e}minaire de Probabilit\'{e}s, XXXIX  (Lecture Notes in Mathematics, Volume 1874)},
  PUBLISHER = {Springer},
  pages = {157--170},
  ADDRESS = {Berlin},
  editor = {M. {\'E}mery and M. Yor},
  YEAR = {2006}
}

@incollection{Maisonneuve1977,
  title={Une mise au point sur les martingales locales continues d{\'e}finies sur un intervalle stochastique},
  author={Maisonneuve, Bernard},
  booktitle={S{\'e}minaire de Probabilit{\'e}s, XI},
  pages={435-445},
  year={1977}
}

@article{Marcus1981,
  title={Modeling and approximation of stochastic differential equations driven by semimartingales},
  author={Marcus, Steven I},
  journal={Stochastics},
  volume={4},
  number={3},
  pages={223--245},
  year={1981}
}

@article{Mayerhofer_2011,
author={Mayerhofer, Eberhard and Muhle-Karbe, Johannes and Smirnov, Alexander G.},
title={A characterization of the martingale property of exponentially affine
    processes},
journal={Stochastic Processes and Their Applications},
volume="121",
number="3",
pages={568-582},
year="2011"
}

@article{McKean_1963,
author="McKean, Henry P.",
title="{Excursions of a non-singular diffusion}",
  journal = {Zeitschrift f{\"u}r Wahrscheinlichkeitstheorie und Verwandte Gebiete},
volume="1",
pages="230-239",
year="1963"
}

@book{McKean_1969,
author="McKean, Henry P.",
title="{Stochastic Integrals}",
publisher="{Academic Press}",
year=1969,
address   = "New York" 
}

@article{McShane1975,
  title={Stochastic differential equations},
  author={McShane, EJ},
  journal={Journal of Multivariate Analysis},
  volume={5},
  number={2},
  pages={121--177},
  year={1975}
}


@Article{Merton,
  author={Robert C. Merton},
  title={Theory of Rational Option Pricing},
  journal={Bell Journal of Economics},
  year=1973,
  volume={4},
  number={1},
  pages={141-183}
}

@article{Metivier_1975,
  title={On {D}ol{\'e}ans-{F}{\"o}llmer's measure for quasi-martingales},
  author={Metivier, Michel and Pellaumail, Jean},
  journal={Illinois Journal of Mathematics},
  volume={19},
  number={4},
  pages={491--504},
  year={1975}
}

@ARTICLE{Metwally,
  author = {Steve Metwally and Amir Atiya},
  title = {Using {B}rownian bridge for fast simulation of jump-diffusion processes and barrier options},
  journal = {Journal of Derivatives},
  volume = {10},
  year = {2002},
  pages = {43-54}
}

@INCOLLECTION{M,
  AUTHOR = {P. Meyer},
  TITLE = {La mesure de {H. F\"ollmer} en th\'{e}orie de surmartingales},
  BOOKTITLE = {S\'{e}minaire de Probabilit\'{e}s, VI (Lecture Notes in Mathematics, Volume 258)},
  PUBLISHER = {Springer},
  ADDRESS = {Berlin},
  pages = {118-129},
  editor = {A. Dold and B. Eckmann},
  YEAR = {1972}
}

@Article{MU_martingale,
  author={Aleksander Mijatovi\'c and Mihail Urusov},
  title={On the martingale property of certain local martingales},
  journal = {Probability Theory and Related Fields},
  volume = {152},
  number = 1,
  pages = {1-30},
  year={2012}
}

@UNPUBLISHED{MU_arbitrage,
  author={Aleksander Mijatovi\'c and Mihail Urusov},
  title={Deterministic criteria for the existence of arbitrage in diffusion models},
  journal = {Finance and Stochastics},
  year={2012},
  volume = 16,
  number = 2,
  pages = {225-247}
}

@Article{MU_WH,
  author={Aleksander Mijatovi\'c and Mihail Urusov},
  title={A note on a paper by {W}ong and {H}eyde},
  journal = {Journal of Applied Probability},
  year={2011},
    volume = 48,
    number = 3,
    pages = {811-819}
}

@Article{MU_integral,
  title={Convergence of Integral Functionals of One-Dimensional Diffusions},
  author={Aleksander Mijatovi\'c and Mihail Urusov},
  journal={Electronic Communications in Probability},
    volume = {17},
    number = {61},
	pages = {1-13},
    year = {2012}
}
}

@ARTICLE{Miltersen_1997,
  author = {Kristian R. Miltersen and Klaus Sandmann and Dieter Sondermann},
  title = {Closed Form Solutions for Term Structure Derivatives with Log-Normal Interest Rates},
  journal = {Journal of Finance},
  volume = {52},
  number = {1},
  year = {1997},
  pages = {409-430}
}

@book{MortersPeres,
  title={Brownian Motion},
  author={M{\"o}rters, Peter and Peres, Yuval},
  year={2010},
  publisher={Cambridge University Press}
}

@article{Musiela_1986,
  title={On {K}ac functionals of one-dimensional diffusions},
  author={Musiela, M},
  journal={Stochastic Processes and Their Applications},
  volume={22},
  number={1},
  pages={79--88},
  year={1986}
}

@article{Nakao1972,
  title={On the pathwise uniqueness of solutions of one-dimensional stochastic differential equations},
  author={Nakao, Shintaro},
  year={1972},
  journal={Osaka Journal of Mathematics},
  volume = 9,
  pages ={513-518}
}

@Incollection{NakaoYamato,
  title={Approximation theorem on stochastic differential equations},
  author={S. Nakao and Y. Yamato},
  year={1978},
  booktitle = {Proceedings of the International Symposium on Stochastic Differential Equations},
  publisher = {Wiley},
  address = {New York},
  editor = {K It{\^o}},
  pages = {283-296}
}

@article{Nakao1983,
  title={On pathwise uniqueness and comparison of solutions of one-dimensional stochastic differential equations},
  author={Nakao, Shintaro},
  journal={Osaka Journal of Mathematics},
  volume={20},
  pages={197--204},
  year={1983}
}

@ARTICLE{Novikov,
    author={A.A. Novikov},
    title={On an Identity for Stochastic Integrals},
    journal = {Theory of Probability and its Applications},
    volume = {17},
    number = {4},
    pages = {717-720},
    year = {1972}
}

@ARTICLE{Novikov_conditions_cont,
    author={A.A. Novikov},
    title={On Conditions for Uniform Integrability of Continuous Non-Negative Martingales},
    journal = {Theory of Probability and its Applications},
    volume = {24},
    number = {4},
    pages = {820-824},
    year = {1979}
}

@misc{Novikov_conditions_exp,
    author={A.A. Novikov},
	title={On conditions for uniform integrability for continuous exponential
    martingales},
howpublished="{Stochastic Differential Systems, Proc. IFIP-WG 7/1 Work. Conf.,
    Vilnius/Lith. 1978, Lect. Notes Control Inf. Sci. 25, 304-310}",
year="1980"
}

@article{Nutz2012,
  title={Pathwise construction of stochastic integrals},
  author={Nutz, Marcel},
  journal={Electronic Communications in Probability},
  volume={17},
  number={24},
  pages={1--7},
  year={2012}
}

@article {Okada_1982,
    author       = {Okada, Tatsuya},
    title        = {A criterion for uniform integrability of exponential martingales},
    year         = {1982},
    journal      = {Tohoku Mathematical Journal},
    volume       = {34},
    pages        = {495-498}
}

@Article{OR,
  author={J\"org Osterrieder and Thorsten Rheinl\"ander},
  title={Arbitrage opportunities in diverse markets via a non-equivalent measure change},
  journal={Annals of Finance},
  year=2006,
  volume={2},
  number={3},
  pages={287-301}
}

@UNPUBLISHED{Pages1987,
  author={Henri Pag\`es},
  title={Optimal consumption and portfolio policies when markets are incomplete},
  journal={Annals of Finance},
  year=1987
}

@ARTICLE{PP,
  author={Soumik Pal and Philip E. Protter},
  title={Analysis of continuous strict local martingales via h-transforms},
  journal = {Stochastic Processes and Their Applications},
  volume = {120},
  number = {8},
  pages = {1424-1443},
  year = {2010}
}

@Book{Pa,
  author = {K. Parthasarathy},
  title = {Probability Measures on Metric Spaces},
  publisher = {Academic Press},
  ADDRESS = {New York},
  year = {1967}
}

@UNPUBLISHED{PengSurvey,
      author       = "Peng, Shige",
      title        = "Nonlinear Expectations and Stochastic Calculus under
                      Uncertainty",
note = {Preprint, 	arXiv:1002.4546v1},
      year         = "2010"
}

@unpublished{Penner_2013,
  title={Risk measures for processes and {BSDEs}},
  author={Penner, Irina and Reveillac, Anthony},
  note={Preprint, arXiv:1304.4853},
  year={2013}
}

@ARTICLE{Penrose_1955,
  author={Penrose, Roger},
  title={A generalized inverse for matrices},
  journal = {Proceedings of the Cambridge Philosophical Society},
  volume = {51},
  pages={406-413},
  year = {1955}
}

@article{PerkowskiPromel,
  title={Pathwise stochastic integrals for model free finance},
  author={Perkowski, Nicolas and Pr{\"o}mel, David J},
  journal={Preprint, arXiv:1311.6187},
  year={2013}
}

@ARTICLE{Pl2002,
  author={Eckhard Platen},
  title={Arbitrage in Continuous Complete Markets},
  journal = {Advances in Applied Probability},
  volume = {34},
  number={3},
  pages={540-558},
  year = {2002}
}

@ARTICLE{Pl2006,
  author={Eckhard Platen},
  title={A benchmark approach to finance},
  journal = {Mathematical Finance},
  volume = {16},
  number={1},
  pages={131-151},
  year = {2006}
}

@UNPUBLISHED{P_minimal,
  author={Eckhard Platen},
  title={The Law of Minimum Price},
  year=2008
}

@Book{PH,
  author = {Eckhard Platen and D. Heath},
  title = {A Benchmark Approach to Quantitative Finance},
  publisher = {Springer},
  year = {2006}
}

@UNPUBLISHED{PH_hedging,
  author={Eckhard Platen and Hardy Hulley},
  title={Hedging for the Long Run},
  year=2008
}

@Book{Pinsky,
  author = {Ross G. Pinsky},
  title = {Positive Harmonic Functions and Diffusion. An Integrated Analytic and Probabilistic Approach},
  publisher = {Cambridge University Press},
  year = {1995}
}

@Article{Pitman_1975,
  author={James W. Pitman},
  title={One-Dimensional {B}rownian Motion and the Three-Dimensional {B}essel Process},
  journal={Advances in Applied Probability},
  year=1975,
  volume={7},
  number={3},
  pages={511-526}
}

@INPROCEEDINGS{Pitman_Yor_1981,
author="Pitman, Jim and Yor, Marc",
title="{Bessel processes and infinitely divisible laws}",
      booktitle = {Stochastic Integrals},
      year = {1981},
      organization = {LMS Durham Symposium 1980},
      pages = {285-370}
}

@article{Pitman_Yor_2003,
author="Pitman, Jim and Yor, Marc",
title="{Hitting, occupation and inverse local times of one-dimensional
    diffusions: martingale and excursion approaches}",
journal="Bernoulli",
volume="9",
number="1",
pages="1-24",
year="2003"
}

@article{Portenko_1975,
author="Portenko, N.I.",
title="{Diffusion processes with unbounded drift coefficient}",
language="English. Russian original",
journal="Theory of Probability and its Applications ",
volume="20",
pages="27-37",
year="1975"
}

@ARTICLE{Pulido2013,
  author = {Sergio Pulido},
  title = {The {F}undamental {T}heorem of {A}sset {P}ricing, the hedging problem and maximal claims in financial markets with short sales prohibitions},
  journal = {Annals of Applied Probability},
  volume = {forthcoming},
  year = {2013}
}

@article{Protter1977,
  title={On the existence, uniqueness, convergence and explosions of solutions of systems of stochastic integral equations},
  author={Protter, Philip E},
  journal={Annals of Probability},
  volume={5},
  number={2},
  pages={243--261},
  year={1977}
}


@Book{Protter,
  author = {Philip E. Protter},
  title = {Stochastic Integration and Differential Equations},
  publisher = {Springer},
  edition = {2nd},
  address = {New York},
  year = {2003}
}

@Unpublished{Protter_2013_strict,
  title={Strict Local Martingales with Jumps},
  author={Protter, Philip},
  note={Preprint, arXiv:1307.2436},
  year={2013}
}

@Incollection{Protter_2013_bubbles,
  title={A mathematical theory of financial bubbles},
  author={Protter, Philip},
  year={2013},
  booktitle = {Paris-Princeton Lectures on Mathematical Finance 2013},
  publisher = {Springer},
  address = {Cham},
  editor = {Vicky Henderson and Ronnie Sircair},
  pages = {1-108}
}

@incollection{Protter_Shimbo,
author={Protter, Philip and Shimbo, Kazuhiro},
title="{No arbitrage and general semimartingales}",
year="2008",
  booktitle = {Markov Processes and Related Topics: A Festschrift for Thomas G. Kurtz},
  publisher = {Institute of Mathematical Statistics},
  editor = {Stewart N. Ethier and Jin Feng and Richard H. Stockbridge},
  pages = {267-283}
}

@Article{Rady,
  author={Sven Rady},
  title={Option pricing in the presence of natural boundaries and a quadratic diffusion term},
  journal={Finance and Stochastics},
  year=1997,
  volume={1},
  number={4},
  pages={331-344}
}

@Article{Rady_Sandmann,
  author={Sven Rady and Klaus Sandmann},
  title={The direct approach to debt option pricing},
  journal={Review of Futures Markets},
  year=1994,
  volume={13},
  number={2},
  pages={461-515}
}

@book{Rao1983,
  title={Theory of Charges: A Study of Finitely Additive Measures},
  author={Bhaskara Rao, K.P.S.  and Bhaskara Rao, M },
  year={1983},
  publisher={Academic Press},
  address = {London}
}

@book{RY,
        title = {Continuous Martingales and Brownian Motion},
        author = {{Daniel} Revuz and {Marc} Yor},
        edition = {3rd},
        publisher = {Springer},
  ADDRESS = {Berlin},
        year = 1999
}

@incollection{Rheinl_2010,
  author={Thorsten Rheinl\"ander},
  title={Stochastic Exponentials},
year="2010",
  booktitle = {Encyclopedia for Quantitative Finance},
  publisher = {Wiley},
  editor = {Rama Cont}
}

@Book{Robert2003stochastic,
  title={Stochastic Networks and Queues},
  author={Robert, Philippe},
  year={2003},
  publisher={Springer}
}

@book{Romer,
        title = {Advanced Macroeconomics},
        author = {David Romer},
        edition = {2nd},
        publisher = {McGraw-Hill},
        year = 2001
}

@article{Rosenbloom_1958,
  title={A temperature function which vanishes initially},
  author={Rosenbloom, P.C.},
  journal={American Mathematical Monthly},
  volume={65},
  number={8},
  pages={607--609},
  year={1958}
}


@article{Ross13,
  author={Ross, S.},
  title={The {R}ecovery theorem},
  journal={Journal of Finance},
  year={2013},
  volume={forthcoming}
}

@book{RoynetteYor,
  author={Roynette, Bernard and Yor, Marc},
  title={Penalising Brownian Paths},
  publisher={Springer},
  year={2009}
}

@article{RussoTrutnau,
  title={Some parabolic {PDEs} whose drift is an irregular random noise in space},
  author={Russo, Francesco and Trutnau, Gerald},
  journal={Annals of Probability},
  volume = {35},
  number = {6},
  pages={2213--2262},
  year={2007}
}


@INCOLLECTION{RussoVallois,
  AUTHOR = {Francesco Russo and Pierre Vallois},
  TITLE = {Elements of Stochastic Calculus via Regularization},
  BOOKTITLE = {S\'{e}minaire de Probabilit\'{e}s, XL},
  PUBLISHER = {Springer},
  pages = {147-185},
  YEAR = {2007}
}

@article{Rydberg_1997,
author="Rydberg, Tina Hviid",
title="{A note on the existence of unique equivalent martingale measures in a
    {M}arkovian setting}",
journal="Finance and Stochastics",
volume="1",
number="3",
pages="251-257",
year="1997"
}

@UNPUBLISHED{Sachs_Bolivia,
  author={Sachs, Jeffrey},
  title={The {B}olivian Hyperinflation and Stabilization},
  year=1986
}

@article{Salminen_1984,
author="Salminen, P.",
title="{On conditional {O}rnstein-{U}hlenbeck processes}",
journal="Advances in Applied Probability",
volume="16",
number = 4,
pages="920-922",
year="1984"
}

@article{Salminen_Vallois,
  title={On subexponentiality of the {L}{\'e}vy measure of the diffusion inverse local time; with applications to penalizations},
  author={Salminen, Paavo and Vallois, Pierre},
  journal={Electronic Journal of Probability},
  volume={14},
  pages={1963--1991},
  year={2009}
}


@InCollection{Sargent_1982,
  author={Thomas J. Sargent},
  title={The Ends of Four Big Inflations},
  booktitle={Inflation: Causes and Effects},
  publisher={University of Chicago Press},
  year=1982,
  editor={R.E. Hall},
  ADDRESS = {Chicago},
  pages={41-98}
}

@unpublished{Schoenbucher_2000,
  title={A {L}ibor Market Model with Default Risk},
  author={Sch\"onbucher, Philipp  J. },
note = {Preprint, available at SSRN: http://ssrn.com/abstract=261051 or http://dx.doi.org/10.2139/ssrn.261051},
  year={2000}
}

@book{S,
        title = {Stochastic Calculus for Finance II. Continuous-Time Models},
        author = {Steven E. Shreve},
        publisher = {Springer},
        year = {2004}
}

@Article{Schlag,
  author = {Karl Schlag},
  title = {Why imitate, and if so how? {A} bounded rational approach to multi-armed bandits},
  journal={Journal of Economic Theory},
  year=1998,
  volume={78},
  pages={130-156}
}

@Article{Schweizer_1992,
  author = {Martin Schweizer},
  title = {Martingale Densities for General Asset Prices},
  journal={Journal of Mathematical Economics},
  year=1992,
  volume={21},
  pages={363-378}
}

@INPROCEEDINGS{Shiryaev_Vostrikova,
  author = {A.N. Shiryaev and L.Y. Vostrikova},
  title = {Lower functions and uniform integrability of exponential martingales},
  booktitle = {Proceedings of the Workshop on Mathematical Finance},
  year = {1998},
  organization = {INRIA},
  pages = {169-177}
}

@article{Shepp_1969,
author={Shepp, L.A.},
title={Explicit solutions to some problems of optimal stopping},
language="English",
journal={Annals of Mathematical Statistics},
volume={40},
number ={3},
pages={993-1010},
year={1969}
}

@ARTICLE{Sin,
  author={C. Sin},
  title={Complications with stochastic volatility models},
  journal = {Advances in Applied Probability},
  volume = {30},
  number={1},
  pages={256-268},
  year = {1998}
}

@article{Slominski_1989,
author="S{\l}omi\'nski, Leszek",
title="{Stability of strong solutions of stochastic differential equations}",
journal="Stochastic Processes and Their Applications",
volume="31",
number="2",
pages="173-202",
year="1989"
}


@ARTICLE{STZ_martingale_rep,
title = {Martingale representation theorem for the {G}-expectation},
author = {Soner, H. Mete and Touzi, Nizar and Zhang, Jianfeng},
year = {2011},
journal = {Stochastic Processes and their Applications},
volume = {121},
number = {2},
pages = {265-287}
}

@article{STZ_aggregation,
  title={Quasi-sure stochastic analysis through aggregation},
  author={Soner, H Mete and Touzi, Nizar and Zhang, Jianfeng},
  journal={Electronic Journal of Probability},
  volume={16},
  number={2},
  pages={1844--1879},
  year={2011}
}

@unpublished{Song_2013,
  title={An alternative proof of a result of {T}akaoka},
  author={Song, Shiqi},
  note={Preprint, arXiv:1306.1062},
  year={2013}
}

@mastersthesis{Spears,
  author={Spears, T.},
  title={On {E}stimating the {R}isk-{N}eutral and {R}eal-{W}orld {P}robability {M}easures},
school = {Oxford University},
address={Oxford, UK},
  year={2013}
}

@INCOLLECTION{Strasser2003,
  AUTHOR = {Eva Strasser},
  TITLE = {Necessary and sufficient conditions for the supermartingale
property of a stochastic integral with respect to a local martingale},
  BOOKTITLE = {S\'{e}minaire de Probabilit\'{e}s, XXXVII},
  PAGES = {385-393},
  PUBLISHER = {Springer},
  YEAR = {2003}
}

@article{Stummer_1993,
author={Stummer, Wolfgang},
title={The {N}ovikov and entropy conditions of multidimensional diffusion
    processes with singular drift},
journal={Probability Theory and Related Fields},
volume="97",
number="4",
pages={515-542},
year="1993"
}


@incollection{Stricker_1975,
  title={Mesure de {F}{\"o}llmer en th{\'e}orie des quasimartingales},
  author={Stricker, Christophe},
  booktitle={S{\'e}minaire de Probabilit{\'e}s, IX},
  pages={408--419},
  year={1975},
  publisher={Springer},
	address={Berlin}
}


@article{SV_1969,
author="Stroock, Daniel W. and Varadhan, S.R.S.",
title="{Diffusion processes with continuous coefficients. I.}",
journal="Communications on Pure and Applied Mathematics",
volume="22",
pages="345-400",
year="1969"
}

@inproceedings{SV_support,
  title={On the support of diffusion processes with applications to the strong maximum principle},
  author={Stroock, Daniel W and Varadhan, Srinivasa RS},
  booktitle={Proceedings of the Sixth Berkeley Symposium on Mathematical Statistics and Probability (Univ. California, Berkeley, Calif., 1970/1971)},
  volume={3},
  pages={333--359},
  year={1972}
}

@book{SV_multi,
   AUTHOR = {Stroock, Daniel W. and Varadhan, S. R. Srinivasa},
    TITLE = {Multidimensional {D}iffusion {P}rocesses},
     NOTE = {Reprint of the 1997 edition},
PUBLISHER = {Springer},
  ADDRESS = {Berlin},
     YEAR = {2006},
}

@incollection{StroockYor1981,
  title={Some remarkable martingales},
  author={Stroock, Daniel W and Yor, Marc},
  booktitle={S{\'e}minaire de Probabilit{\'e}s, XV},
  pages={590--603},
  year={1981},
  publisher={Springer},
	address={Berlin}
}
   
   
@article{Sussmann1978,
     title={On the gap between deterministic and stochastic ordinary differential equations},
     author={Sussmann, Hector J.},
     journal={Annals of Probability},
     volume={6},
     number={1},
     pages={19--41},
     year={1978},
   }
   
@article{Takaoka,
        title={A note on the condition of no unbounded profit with bounded risk},
        author={Takaoka, K},
        journal={Finance and Stochastics},
        year={2013},
        volume={forthcoming}
      }

@article{Tsirelson,
  title={An example of a stochastic differential equation having no strong solution},
  author={Tsirel'son, B},
  journal={Theory of Probability and its Applications},
  volume={20},
  pages={416--418},
  year={1975}
}


@article {vanschuppenWong,
    author       = {Van Schuppen, Jan H. and Wong, Eugene},
    title        = {Transformation of local martingales under a change of law},
    year         = {1974},
    journal      = {Annals of Probability},
    volume       = {2},
    number = {5},
    pages        = {879-888}
}

@book{Vecer_2011,
  title={Stochastic Finance: A Num\'eraire Approach},
  author={Ve{\v{c}}e{\v{r}}, Jan},
  year={2011},
  publisher={CRC Press}
}

@article{Veretennikov1981,
  title={On strong solutions and explicit formulas for solutions of stochastic integral equations},
  author={Veretennikov, A Ju},
journal={Mathematics of the USSR (Sbornik)},
  volume={39},
  number={3},
  pages={387--403},
  year={1981}
}

@article{Walsh,
  title={A diffusion with a discontinuous local time},
  author={Walsh, John B},
  journal={Ast{\'e}risque},
  volume={52-53},
  pages={37--45},
  year={1978}
}

@book{Wise_1993,
  title={Counterexamples in Probability and Real Analysis},
  author={Wise, Gary L and Hall, Eric B},
  year={1993},
  publisher={Oxford University Press}
}

@article{Williams_1974,
author="Williams, David",
title="{Path decomposition and continuity of local time for one-dimensional
    diffusions, I.}",
journal="Proceedings of the London Mathematical Society. Third Series",
volume="28",
pages="738-768",
year="1974",
}

@article{Wolf_ito,
  title={An {I}t{\^o} formula for local {D}irichlet processes},
  author={Wolf, Jochen},
  journal={Stochastics},
  volume={62},
  number={1-2},
  pages={103--115},
  year={1997}
}

@article{Wolf_transformations,
  title={Transformations of semi-martingales and local {D}irichlet processes},
  author={Wolf, Jochen},
  journal={Stochastics},
  volume={62},
  number={1-2},
  pages={65--101},
  year={1997}
}

@ARTICLE{WH_stochvol,
  author={Wong, Bernard and Heyde, C. C.},
  title={On changes of measure in stochastic volatility models},
  journal = {Journal of Applied Mathematics and Stochastic Analysis},
  year = {2006}
}

@article{WH_martingale,
    title = {On the martingale property of stochastic exponentials},
    author = {Wong, Bernard and Heyde, C. C.},
    journal = {Journal of Applied Probability},
    volume={41},
    number={3},
    pages={654-664},
    year = {2004}
}

@article{Wong_2011,
    title = {On {W}ong and {H}eyde (2004)},
    author = {Wong, Bernard},
  journal = {Journal of Applied Probability},
  year={2011},
    volume = 48,
    number = 3,
    pages = {1200}
}

@article{Wong_Zakai_a,
  title={On the convergence of ordinary integrals to stochastic integrals},
  author={Wong, Eugene and Zakai, Moshe},
  journal={Annals of Mathematical Statistics},
  volume={36},
  number={5},
  pages={1560--1564},
  year={1965}
}

@article{Wong_Zakai_b,
  title={On the relation between ordinary and stochastic differential equations},
  author={Eugene Wong and Moshe Zakai},
  journal={International Journal of Engineering Science},
  volume={3},
  number={2},
  pages={213--229},
  year={1965}
}

@INCOLLECTION{Yan_1982,
  title={{\`A} propos de l'int{\'e}grabilit{\'e} uniforme des martingales exponentielles},
    author = {Jian-An Yan},
  BOOKTITLE = {S\'{e}minaire de Probabilit\'{e}s, XVI},
  pages={338--347},
  year={1982},
  publisher={Springer}
}

@article{Yan_new,
    title = {A new look at the {F}undamental {T}heorem of {A}sset {P}ricing.},
    author = {Jian-An Yan},
    journal = {Journal of the Korean Mathematical Society},
    volume={35},
    number={3},
    pages={659-673},
    year = {1998}
}

@article{Yan_1988,
    author = {Jian-An Yan},
title="{On the existence of diffusions with singular drift coefficient}",
language="English",
journal="Acta Mathematicae Applicatae Sinica. English Series",
volume="4",
number="1",
pages="23-29",
year="1988"
}

@incollection{Yoeurp1976,
  title={D{\'e}compositions des martingales locales et formules exponentielles},
  author = "Yoeurp, Chantha",
  BOOKTITLE = {S\'{e}minaire de Probabilit\'{e}s, X},
  pages={432--480},
  year={1976},
  publisher={Springer},
   address={Berlin}
}

@incollection{Yoeurp1985,
	author = "Yoeurp, Chantha",
	booktitle = {Grossissements de {F}iltrations: {E}xemples et {A}pplications (Lecture Notes in Mathematics, Volume 1118)},
	pages = "172--196",
	publisher = "Springer",
	title = "{Th{\'e}or{\`e}me de Girsanov g{\'e}n{\'e}ralis{\'e} et grossissement d'une filtration}",
	year = "1985",
	address={Berlin}
}

@book{Yor_2001,
  title={On Exponential Functionals of Brownian Motion and Related Processes},
  author={Yor, Marc},
  year={2001},
  publisher={Springer},
address={Berlin}
}

@unpublished{Zhang_2013,
  title={Strong Convergence of {W}ong--{Z}akai Approximations of Reflected {SDE}s in A Multidimensional General Domain},
  author={Zhang, Tusheng},
  note={Preprint, arXiv:1304.6629},
  year={2013}
}

@ARTICLE{ZhengGelman,
  author = {Tian Zheng and Matthew J. Salganik and Andrew Gelman},
  title = {How many people do you know in prison?: {U}sing overdispersion in count
    data to estimate social structure},
  journal = {Journal of the American Statistical Association},
  year = {2006},
  pages = {409-423},
  number = {101}
}

@ARTICLE{Zuehlsdorff_2001,
  author = {Christian Z\"uhlsdorff},
  title = {The pricing of derivatives on assets with quadratic volatiltiy},
  journal = {Applied Mathematical Finance},
  year = {2001},
  pages = {235-262},
  volume  = {8},
  number = {4}
}

@UNPUBLISHED{Zuehlsdorff_2002,
  author = {Christian Z\"uhlsdorff},
  title = {Extended {L}ibor market models with affine and quadratic volatiliy},
  year = {2002}
}

@article{Zvonkin1974,
  title={A transformation of the phase space of a diffusion process that removes the drift},
  author={Zvonkin, Alexander K},
  journal={Mathematics of the USSR (Sbornik)},
  volume={22},
  number={1},
  pages={129-149},
  year={1974}
}


%%%%%%%%%%%%%%%%%%%%%%%%%%%%%%%%%%%%%%%

@UNPUBLISHED{Blanchet_Ruf_2012,
    author = {Jose Blanchet and Johannes Ruf},
    title = {A Weak Convergence Criterion Constructing Changes of Measure},
    year = {2013},
    note = {Preprint, arXiv:1208.2606}
}

@ARTICLE{CFR2011,
    author = {Peter Carr and Travis Fisher and Johannes Ruf},
    title = {On the Hedging of Options On Exploding Exchange Rates},
journal = {Finance and Stochastics},
volume= {18}, 
    number={1},
   pages= {115-144},
   year = {2014}
}

@ARTICLE{CFR_qnv,
    author = {Peter Carr and Travis Fisher and Johannes Ruf},
    title = {Why are quadratic normal volatility models analytically tractable?},
  journal = {SIAM Journal on Financial Mathematics},
  volume={4},
  pages={185-202},
  year = {2013}
}

@UNPUBLISHED{Karatzas_Ruf_2013,
    author = {Ioannis Karatzas and Johannes Ruf},
    title = {Distribution of the time to explosion for one-dimensional diffusions},
    year = {2013},
    note = {Preprint, available on http://www.oxford-man.ox.ac.uk/\string~{}jruf/papers/Distribution of Time to Explosion.pdf}
}

@UNPUBLISHED{Karatzas_Ruf_DS,
    author = {Ioannis Karatzas and Johannes Ruf},
    title = {Pathwise solvability of stochastic integral equations with generalized drift and non-smooth dispersion functions},
    year = {2013},
    note = {Preprint, available upon request}
}

@UNPUBLISHED{Ruf_Larsson,
    author = {Martin Larsson and Johannes Ruf},
    title = {Novikov-type conditions for processes with jumps},
    year = {2013}
}

@INPROCEEDINGS{McCormick2009,
  author = {Tyler H. McCormick and Amal Moussa and Johannes Ruf and Thomas A.
    DiPrete and Andrew Gelman and Julien Teitler and Tian Zheng},
  title = {Comparing two methods for predicting opinions using social structure},
  booktitle = {Proceedings of the Joint Statistical Meetings},
  year = {2009},
  organization = {American Statistical Association}
}

@ARTICLE{McCormick2010,
  author = {Tyler H. McCormick and Amal Moussa and Johannes Ruf and Thomas A.
    DiPrete and Andrew Gelman and Julien Teitler and Tian Zheng},
  title = {Measuring social distance using indirectly observed network data},
  journal={Journal of Statistical Theory and Practice},
  year = {2013}
}

@article{Oyarzun1,
    title = {Monotone imitation},
    author ={Carlos Oyarzun and Johannes Ruf},
    journal = {Economic Theory},
    volume={41},
    number={3},
    pages={411-441},
    year = {2009}
}

@UNPUBLISHED{Oyarzun2,
    author = {Carlos Oyarzun and Johannes Ruf},
    title = {Selection rules for collective decision making},
    year = {2013},
    note = {Preprint, available upon request}
}

@UNPUBLISHED{Oyarzun3,
    author = {Carlos Oyarzun and Johannes Ruf},
    title = {Convergence in models with bounded relative hazard rates},
    year = {2013},
    note = {R\&S, \emph{Journal of Economic Theory}}
}

@article{Perkowski_Ruf,
    author = {Nicolas Perkowski and Johannes Ruf},
    title = {Conditioned martingales},
    journal = {Electronic Communications in Probability},
    volume = {17},
    number = {48},
	pages = {1-12},
    year = {2012}
}

@unpublished{Perkowski_Ruf_2013,
    author = {Nicolas Perkowski and Johannes Ruf},
    title = {Supermartingales as {R}adon-{N}ikodym densities and related measure extensions},
    note = {Preprint, arXiv:1309.4623},
    year = {2013}
}

@UNPUBLISHED{Ruf_Runggaldier,
    author = {Johannes Ruf and Wolfgang Runggaldier},
    title = {A systematic approach to constructing market models with arbitrage},
    year = {2013},
    note = {Preprint, arXiv:1309.1988},
}

@article{RufScherer,
    title = {Pricing corporate bonds in an arbitrary jump-diffusion model based on an improved {B}rownian-bridge algorithm},
    author ={Johannes Ruf and Matthias Scherer},
    journal = {Journal of Computational Finance},
    volume={14},
    number={3},
    year = {2011}
}

@article{Ruf_hedging,
  author={Johannes Ruf},
  title={Hedging under arbitrage},
  journal = {Mathematical Finance},
  volume={23},
  number={2},
  pages = {297-317},
  year = {2013}
}

@inproceedings{Ruf_2010_Bessel,
  title={Optimal trading strategies and the {B}essel process},
  author={Ruf, Johannes},
  booktitle={Actuarial and Financial Mathematics Conference. Interplay between Finance and Insurance},
  pages={81-86},
  year={2010}
}

@article{Ruf_Novikov,
  author={Johannes Ruf},
  title={A new proof for the conditions of {N}ovikov and {K}azamaki},
  year = {2013},
      journal = {Stochastic Processes and Their Applications},
      volume={123},
      pages={404-421},
}

@article{Ruf_negative,
  author={Johannes Ruf},
  title={Negative call prices},
  journal = {Annals of Finance},
  volume={9},
  pages = {787-794},
  year = {2013}
}

@UNPUBLISHED{Ruf_completeness,
  author={Johannes Ruf},
  title={Arbitrage and completeness},
  year = {2012}
}

@phdthesis{Ruf_ots,
    author = {Johannes Ruf},
    title = {Optimal {T}rading {S}trategies {U}nder {A}rbitrage},
    school = {Columbia University},
    address = {New York, USA},
	note = {Retrieved from http://academiccommons.columbia.edu/catalog/ac:131477},
    year = {2011}
}

@UNPUBLISHED{Ruf_martingale,
  author={Johannes Ruf},
  title={The martingale property in the context of stochastic differential equations},
  note = {Preprint, 	arXiv:1306.0218},
  year = {2013}
}



